1904 3216
232 228 268 276 EX
284 228 377 277 'i'ACl'il
395 225 541 278 ANNALIUU
557 225 643 276 LIBRO
659 226 697 279 lt.
807 222 853 278 ffl

434 416 485 465 xxl

125 543 181 603 cap.
192 541 224 590 54
237 548 262 591 et
276 541 315 589 55.
330 539 446 603 Defensio
458 539 577 590 Cremutii
590 540 664 590 Cordi
677 538 815 591 insensatu.

106 679 215 719 cremutius
236 680 441 725 cartusiensium
458 679 510 732 apuu
528 683 616 718 senatum
634 678 687 729 quod
705 677 764 717 editis
778 677 851 730 munii·

86 723 856 851 {spurinnats”sursmrnnmnnstrttmsss

112 912 153 955 Les
165 912 252 966 par-oles
269 911 296 956 de
306 911 430 956 Cremutius
443 917 492 956 sont
508 910 629 966 iuculpees,
647 923 683 954 ses
696 915 755 954 actes
766 922 795 953 ue
809 917 858 954 sout

85 972 142 1015 donc
151 985 189 1027 pas
198 972 331 1028 coupables:
346 972 362 1016 il
376 986 389 1016 u
400 972 451 1016 loue
465 972 550 1016 Cassius
560 979 582 1016 et
593 970 687 1024 Brutus;
697 972 753 1015 mais
762 971 858 1015 d'autres

87 1033 140 1076 l'out
148 1033 189 1076 fait
199 1040 264 1077 avaut
272 1034 313 1085 lui,
328 1034 398 1090 etqui
409 1034 492 1077 etaient
506 1034 539 1076 les
548 1034 604 1077 amis
617 1033 656 1077 des
666 1032 750 1077 Gtssrs.
759 1055 787 1066 -
794 1032 859 1082 Quol-

87 1096 174 1151 quefois
183 1108 212 1138 on
228 1109 240 1139 a
256 1096 356 1152 repoudu
369 1096 432 1139 ides
443 1096 524 1146 ecrits;
532 1095 612 1150 inmais
629 1107 658 1139 ou
673 1107 701 1138 ue
711 1095 766 1138 lesa
779 1095 856 1150 punis;

87 1159 140 1200 o'est
158 1156 243 1200 donner
261 1156 288 1201 de
305 1157 454 1214 l'importance
465 1170 508 1200 nux
521 1157 613 1211 iniures.
628 1156 669 1200 Les
682 1155 748 1199 (ireos
763 1155 859 1210 agisseut

87 1219 115 1261 de
129 1218 208 1261 meme.
220 1242 247 1251 -
262 1218 377 1262 li'ailleurs
393 1219 410 1262 il
422 1231 434 1274 p
447 1218 614 1262 nsoixnute-dix
625 1229 664 1261 ans
683 1229 727 1273 que
739 1216 826 1259 Cassius
837 1222 860 1259 et

88 1280 169 1323 Brutus
176 1285 226 1322 sont
236 1286 306 1323 morte
319 1286 341 1324 et
350 1281 382 1323 les
389 1280 517 1336 ingements
528 1279 649 1336 prononces
660 1291 700 1322 sur
709 1291 752 1323 eux
760 1278 859 1322 relevent

87 1342 119 1385 du
129 1340 262 1385 tribunalis
272 1342 293 1385 la
300 1341 412 1398 postiriti.

119 1456 198 1506 Verba
215 1470 277 1513 meo,
295 1456 380 1507 Patres
391 1457 539 1520 conscripti,
560 1462 704 1519 arguuntur
716 1474 723 1505 ι
733 1457 795 1507 adeo
819 1454 859 1504 ia·

87 1533 185 1578 ctorum
198 1524 318 1577 innocens
328 1542 394 1578 sum.
412 1528 458 1577 Sed
469 1542 549 1591 neque
563 1529 615 1578 haec
625 1527 652 1576 in
664 1527 802 1590 principem
816 1530 861 1575 eut

85 1595 212 1658 Principis
224 1602 362 1659 parentem,
382 1611 446 1659 quos
464 1598 503 1647 lox
526 1596 663 1659 maJestatis
679 1595 858 1658 amplectitur:

88 1665 194 1714 Brutum
204 1673 231 1714 et
246 1666 358 1715 Cassium
369 1665 506 1716 laudavisse
517 1667 584 1716 dicor
592 1682 598 1724 ;
606 1680 714 1729 quorum
725 1679 765 1715 res
777 1671 859 1727 gestas

86 1749 166 1797 quum
180 1735 282 1797 plurimi
297 1737 487 1798 composuerint,
502 1751 575 1786 nemo
591 1736 644 1786 sine
660 1737 754 1785 honore
768 1747 861 1783 memo·

87 1804 159 1853 ravit.
170 1805 238 1854 Titus
254 1804 345 1862 Livius,
356 1807 503 1868 eloquentie
514 1820 542 1855 uc
554 1807 612 1856 {idei
630 1800 764 1867 praeclarus
773 1803 799 1851 in
809 1801 862 1864 pri·

87 1874 146 1932 mis,
159 1875 204 1925 Gn.
221 1876 368 1939 Pompeium
379 1877 456 1926 tantis
468 1877 583 1925 laudibus
596 1875 664 1930 tulit,
679 1881 708 1924 ut
727 1870 860 1933 Pompeia-

88 1959 150 1994 num
158 1959 216 1995 eum
226 1947 352 2008 Augustus
362 1947 510 2009 appellaret:
526 1960 606 2008 neque
614 1946 639 1994 id
650 1944 766 1993 amicitie
773 1953 862 1991 corum

88 2015 183 2065 offecit.
205 2016 346 2079 Scipionem
358 2015 397 2076 ti),
411 2017 547 2075 Amanium,
565 2017 633 2065 inuno
649 2016 729 2078 ipsum
743 2012 859 2066 Cassium,

90 2087 158 2135 hunc
173 2085 276 2135 Brutum
297 2099 419 2148 nusquam
449 2085 559 2135 latrones
581 2092 604 2134 et
621 2083 776 2149 parricidas,
806 2094 862 2145 quae

90 2169 156 2205 nunc
168 2155 287 2204 vocabula
300 2154 471 2216 imponuntur,
482 2171 546 2218 saepe
561 2163 589 2205 ut
601 2155 711 2215 insignes
726 2154 793 2202 viros
815 2164 861 2202 no-

90 2224 177 2273 mInat.
193 2224 271 2272 Asinii
286 2223 404 2273 Pollionis
415 2225 505 2286 scripta
521 2225 648 2287 egregiam
661 2224 796 2272 eorundem
807 2233 863 2269 me-

90 2296 195 2344 moriam
204 2295 318 2351 tradunt;
337 2294 437 2344 Messala
459 2296 578 2344 Corvinus
598 2296 774 2357 imperatorem
788 2304 863 2341 suum

91 2366 198 2415 Cassium
212 2364 364 2427 predicabat
378 2380 385 2412 s
403 2371 429 2416 et
441 2373 546 2428 uterque
556 2365 695 2428 opibusque
706 2369 781 2426 atque
790 2363 863 2412 hono

90 2437 160 2487 ribus
171 2435 326 2500 perviguere.
341 2434 415 2485 ituci
432 2436 556 2485 Ciceronis
579 2435 644 2485 libro
671 2447 721 2497 quo
745 2435 862 2484 Catonem

118 2578 168 2622 ΠΙ.
181 2580 201 2622 i.
216 2577 354 2634 Scipionem.
366 2592 379 2618 ι
395 2576 413 2620 lt
422 2575 464 2620 s'u-
491 2585 537 2621 tres
548 2578 608 2620 cheis
618 2578 648 2622 du
658 2579 715 2634 parti
724 2578 751 2622 de
761 2576 862 2633 Pompee.

91 2640 125 2695 git
134 2641 161 2684 ici
172 2640 200 2684 de
212 2637 463 2695 Scipioutiitetlusmui.
490 2639 571 2682 Vaincu
582 2640 594 2682 i
604 2641 624 2683 ln
634 2638 756 2682 batuiiledo
767 2639 863 2694 Thspsus

94 2702 157 2757 apres
175 2701 196 2744 la
209 2699 298 2744 butrino
313 2699 341 2742 do
355 2698 464 2749 Pharsalo,
491 2707 515 2744 et
531 2701 609 2744 utteint
624 2701 637 2742 i
655 2702 752 2755 Hippone
767 2698 864 2754 lorsquii

93 2777 117 2806 se
127 2764 199 2806 renuit
208 2775 236 2806 en
247 2761 336 2818 Afrique
347 2767 372 2805 et
384 2774 397 2817 p
413 2773 466 2804 cou-
492 2775 516 2805 se
532 2762 637 2817 disposuit
647 2761 660 2804 i
673 2773 750 2818 passer
760 2773 788 2804 eu
797 2759 864 2816 lispu-

93 2827 155 2868 tinua
176 2824 196 2866 la
215 2835 310 2878 guerre,
330 2822 358 2866 de
376 2831 466 2866 concert
493 2836 544 2878 gne.
554 2824 642 2878 Scipion
664 2835 689 2866 se
708 2828 745 2866 tua
763 2835 819 2878 pour
835 2834 864 2866 ue

92 2899 145 2930 avec
165 2885 240 2936 Coton,
261 2885 337 2935 Varus,
355 2884 464 2934 triarius.
492 2883 746 2939 pastomberentreics
753 2883 834 2944 miss
842 2883 876 2920 ss

94 2947 199 2997 Petreius.
214 2945 322 2993 mortuus
337 2952 361 2991 ct
375 2946 411 2993 ies
429 2959 470 2992 cu·
495 2945 575 2991 teser.
584 2940 895 2989 strenuissimum

742 3030 781 3058 (NR
