1904 3216
307 183 345 234 Ei
362 185 429 234 lllll
447 185 534 236 nano
549 187 593 236 Ill.
659 215 667 225 ·
807 194 837 243 il

9 302 35 337 Ε·
76 304 133 350 inae.
148 299 206 357 Sed,
216 311 269 362 qua
282 299 325 349 hie
340 299 456 350 modestia
471 301 562 361 inistis,
578 302 622 352 ubi
635 304 729 356 nullius
741 308 838 369 egerin

75 376 101 419 lat
108 383 191 420 rernm
205 384 256 418 usu
272 372 414 420 necessario
423 378 498 421 lanlae
510 372 710 425 multitudiniest
722 376 837 433 violatus,

73 440 272 490 ammonesnam
281 440 346 489 ferie
358 440 382 489 in
396 443 493 490 urbem.
508 443 536 491 ln
551 444 697 494 Aventinum
713 446 756 503 ite,
769 449 836 498 unda

73 512 163 574 pmleeti
176 512 241 560 estis
253 527 259 560 :
273 511 311 560 ibi
325 511 391 560 felici
406 512 466 568 loeo,
479 511 523 561 ubi
532 513 611 574 prima
622 515 695 564 initia
704 516 836 566 inchoastis

9 616 26 647 ,4
72 580 183 632 libertatis
200 589 305 637 vestrae,
315 580 427 631 tribunos
440 583 518 644 plebia
531 583 658 634 creabilis.
679 587 772 636 Paesto
786 588 836 638 arii

72 652 166 714 pellex
176 651 315 709 maximus,
332 651 376 714 qui
391 653 489 702 comitia
501 653 598 704 habeat.

419 810 487 858 xxiv

69 932 115 998 Gap.
131 933 174 985 56.
195 931 277 982 Verba
295 931 404 994 l'arpa'nii
418 933 525 996 Appium
535 933 670 984 Claudium
683 937 831 988 accusantia

295 1003 352 1065 (50⁶
365 1002 458 1057 Mlfl
470 1017 509 1052 av.
520 1004 599 1064 lec.)

90 1112 176 1164 (lulio
186 1110 267 1160 rebus
278 1107 363 1157 dubiis
375 1107 473 1158 inventa
485 1116 536 1169 eat;
549 1109 633 1171 itaque
643 1125 726 1175 neque
737 1126 782 1174 ego
794 1129 835 1163 ac·

62 1182 161 1233 mado
172 1181 243 1242 apud
255 1192 298 1227 vos
307 1191 365 1226 enm
375 1185 472 1240 tempus
482 1185 570 1235 teram.
580 1193 594 1228 a
603 1179 673 1243 cuins
684 1184 836 1234 crudelitate

61 1259 149 1303 vaamet
160 1250 211 1312 ipsi
222 1248 302 1297 annis
310 1246 461 1304 vindicans,
468 1262 512 1296 nee
519 1249 594 1298 istum
606 1251 725 1301 adcelera
739 1256 834 1304 scelera

60 1317 241 1383 inpudentiam
252 1320 279 1366 in
296 1318 450 1367 deleniendo
459 1332 485 1366 se
496 1318 603 1380 adjicere
615 1320 703 1384 patiar.
716 1320 833 1373 Omnium

60 1388 133 1453 igitur
140 1390 201 1450 eibi,
215 1388 279 1451 appi
292 1389 386 1445 Claudi,
397 1402 453 1451 quae
464 1389 541 1451 impie
552 1391 696 1455 nefarieque
706 1408 752 1456 per
762 1395 834 1444 bien·

60 1461 122 1512 aium
134 1461 187 1511 alia
200 1473 280 1522 snper
292 1459 340 1508 alia
351 1472 379 1507 es
390 1472 472 1514 ausus,
485 1460 590 1520 gratiam
601 1461 665 1509 facio
677 1477 683 1510 :
693 1466 768 1514 unius
779 1472 834 1514 ian·

60 1536 107 1581 lum
118 1527 412 1592 eriminisniaijudieem
424 1529 498 1585 dices.
509 1537 533 1578 ie
544 1531 574 1578 ab
587 1530 701 1581 libertate
714 1531 741 1580 in
752 1534 831 1584 servi-

58 1609 132 1651 tutem
150 1609 241 1650 contra
263 1600 331 1660 leges
342 1599 461 1648 vindicias
482 1614 531 1649 non
549 1600 654 1658 dedisse,
667 1601 694 1651 in
705 1602 785 1654 vinela
805 1611 833 1654 te

58 1671 227 1735 lmijubebo.

415 1792 473 1842 XXV

269 1917 325 1981 (hp.
339 1916 377 1968 56.
397 1915 472 1965 l'erba
486 1913 564 1979 Appii
577 1914 623 1963 rei.

76 2043 164 2082 wana
172 2039 277 2093 appiuani
285 2038 322 2092 eibi
331 2038 405 2090 tribuni
412 2038 483 2090 annilio
489 2038 536 2082 alni,
546 2048 571 2076 na
578 2038 649 2077 indicia
659 2050 716 2077 canae
725 2040 745 2078 in
752 2041 829 2080 vincula

58 2085 153 2171 milen
165 2097 184 2124 aa
196 2091 277 2124 iaceam
292 2084 372 2130 mabam,
389 2087 410 2122 at
427 2083 465 2121 nbi
482 2086 550 2122 sallem
569 2084 592 2121 ad
611 2085 705 2133 populum
723 2096 829 2133 provocare

81 2231 162 2286 lppins
175 2225 276 2284 reppello
290 2240 325 2271 ses
338 2227 401 2270 tinas
414 2227 426 2269 a
440 2224 460 2269 la
469 2227 650 2270 reconnaiasance
660 2226 689 2267 ‹ln
700 2226 779 2281 peupla
792 2239 828 2270 m·

57 2291 118 2332 min.
129 2290 147 2332 ll
162 2302 192 2333 ne
206 2288 302 2331 reclamo
315 2299 359 2342 que
373 2287 393 2330 le
407 2287 465 2330 droit
478 2287 505 2329 de
517 2299 540 2329 sa
554 2287 665 2329 delenire.
677 2286 698 2328 Si
713 2299 741 2330 on
755 2288 775 2330 le
793 2289 825 2332 lui

56 2350 135 2402 niusa,
144 2351 195 2393 e'en
204 2355 239 2393 est
248 2349 324 2392 salide
334 2349 354 2391 la
364 2349 442 2392 liberti
451 2349 479 2392 de
488 2349 563 2392 Rome.

83 2465 206 2529 lajorum
226 2466 317 2516 merila
336 2466 362 2516 in
382 2465 562 2529 rempublicam
589 2464 656 2513 domi
678 2464 825 2527 militiaeque

55 2537 275 2596 memorabam
299 2551 372 2588 auum
392 2537 478 2587 infelix
495 2550 555 2598 erga
576 2537 673 2598 plebem
691 2536 823 2587 Romanam

56 2608 172 2660 madium.
184 2608 254 2671 quod
272 2608 450 2670 equandarum
469 2607 553 2667 legum
563 2619 636 2655 eausa
648 2619 704 2654 curn
716 2607 823 2655 maxima

56 2678 192 2728 ellenaione
207 2678 309 2727 Petrum
320 2679 447 2727 consulatu
458 2678 561 2733 ahisse13
575 2689 631 2725 snas
642 2676 718 2737 leges,
732 2677 824 2738 quibus

56 2751 210 2802 manentibus
218 2752 282 2800 lator
290 2764 375 2800 earum
387 2750 413 2798 in
425 2751 521 2800 vincula
534 2750 766 2798 ducann.Ceternm
778 2764 823 2799 sua

56 2822 350 2887 pmpriabonamalaque‚
359 2819 638 2883 quamcanszedicendae
649 2820 704 2867 data
719 2820 823 2870 incultas

57 2896 94 2953 sit.
104 2904 162 2947 tnm
172 2910 201 2947 aa
220 2902 390 2959 experturum.
404 2895 432 2943 ln
441 2895 575 2958 praesentia
587 2907 613 2944 ee
625 2893 752 2945 communi
765 2895 824 2961 inne
