1904 3216
84 173 131 223 tot
391 169 554 219 omrlolttls

32 316 36 325 ·
117 283 856 353 Exspectarinosll)arbitrorutrespondeamusliteristuis,

86 377 146 426 quas
157 362 288 422 Corcyram
302 357 406 416 misisti;
420 357 447 406 in
459 356 550 419 quibus
560 353 661 416 quaeris,
668 352 727 414 quid
739 353 773 401 ila
782 350 857 414 legati

87 448 145 484 eum
160 433 279 482 militibus
294 431 445 488 venerimus,
458 437 483 478 et
496 428 611 490 praesldia
620 429 646 475 in
656 427 770 489 singulas
782 427 858 476 urbes

21 536 23 541 ,
88 505 259 555 dimittamus?
273 502 307 550 ld
324 502 388 552 hanc
404 500 624 563 interrogationem
636 504 706 548 tuam
719 504 744 546 et
759 511 809 546 non
819 511 858 546 re

88 576 208 639 spondere
221 587 314 632 vereor,
323 587 355 623 ne
365 572 499 635 superbum
510 571 551 628 sit,
563 576 587 619 et
594 583 653 619 vera
662 570 818 630 respondere,
827 583 860 618 ne

87 647 164 696 nimis
171 645 288 693 acerbum
299 643 411 693 audienti
421 642 468 692 tibi
475 642 597 691 videatur.
605 641 651 690 Sed
664 654 743 703 quum
751 647 794 690 aut
805 655 861 690 ver·

45 770 49 776 .
89 715 290 776 biscastigandus
300 722 343 764 aut
351 714 427 763 armis
435 713 518 775 sitqui
530 712 723 774 loedusrumpit;
734 712 860 762 sicutbel-

89 786 145 834 lum
162 785 280 834 adversus
297 791 322 832 te
337 784 379 832 alii
393 797 468 845 quam
481 783 544 831 mibi
559 783 702 831 mandatum
719 783 815 844 malim,
827 785 859 832 ita

90 853 208 904 orationis
219 855 379 904 acerbitatem
388 855 505 904 adversus
519 855 649 915 hospitem,
663 861 798 916 utcumque
812 861 859 911 est,

89 924 185 979 subibo,
192 922 255 972 sieut
262 924 362 982 medici,
370 938 447 986 quum
459 924 546 972 salutis
555 923 743 973 causatristiora
749 924 861 973 remedia

89 993 216 1044 adhibent.

122 1067 156 1114 Dr
165 1079 214 1126 quo
222 1079 330 1127 regnum
339 1064 444 1128 adeptus
453 1079 489 1123 es,
497 1078 573 1114 unam
579 1079 633 1115 rem
641 1071 675 1124 te,
682 1079 739 1128 quse
749 1066 861 1117 iacienda

90 1137 282 1193 luerit,senatus
290 1137 476 1195 lecissecenset;
485 1137 551 1198 quod
562 1137 656 1199 legatos
665 1137 769 1187 Romam
780 1139 812 1187 ad
821 1152 862 1188 re-

90 1207 232 1256 novandum
250 1206 339 1270 [loedus
353 1207 460 1266 miseris,
474 1207 539 1269 quod
559 1208 640 1269 ipsum
653 1212 736 1257 tamen
749 1207 796 1257 tibi
811 1222 862 1258 non

91 1277 166 1326 luisse
173 1275 352 1343 renovandum]
365 1278 396 1342 (t)
410 1275 506 1339 juiicat
513 1278 598 1339 potius
609 1292 692 1339 quam,
699 1292 778 1341 quum
789 1291 863 1328 reno-

92 1353 177 1397 vatum
185 1348 572 1411 esset,violandumhhropolim,
579 1349 750 1410 sociumatque
756 1350 864 1398 amicum

93 1419 178 1482 populi
188 1419 298 1478 Romani,
306 1433 384 1480 regno
394 1419 517 1482 expulisti.
530 1420 672 1469 Arthetauri
682 1419 862 1479 interfectores

93 1498 123 1541 ut
137 1491 203 1540 eserie
214 1491 253 1553 (ne
264 1491 324 1554 qnid
337 1493 405 1541 ultra
416 1491 504 1552 dicam)
518 1491 630 1540 laetatum
641 1496 779 1554 appareret,
794 1504 865 1542 rece-

96 1561 163 1623 pisti,
171 1560 214 1620 qui
224 1561 336 1610 omnium
345 1562 486 1625 lllyriorum
493 1562 644 1612 fidissimum
649 1563 759 1612 Romano
768 1564 865 1613 nomini

94 1630 211 1692 regulum
218 1631 362 1680 occiDerant.
376 1631 424 1681 Per
432 1631 582 1680 Thessaliam
595 1638 619 1679 et
628 1631 767 1680 llaliensem
775 1643 865 1692 agrum

95 1714 153 1751 cum
166 1701 276 1750 exercitu
286 1708 373 1751 contra
389 1703 469 1751 loedus
479 1703 582 1765 Delphos
594 1703 653 1752 lsti:
667 1701 791 1764 Byzantiis
805 1701 865 1750 item

97 1776 182 1820 contra
194 1771 274 1821 loedus
288 1773 379 1822 misisti
389 1773 488 1823 auxilia.
501 1775 561 1822 Cmn
573 1773 753 1824 Doeotis.sociis
763 1773 864 1830 nostris,

96 1846 217 1891 secretam
231 1842 331 1905 tibiipsi
344 1844 494 1900 societatem,
508 1857 583 1906 quam
595 1857 644 1893 non
659 1845 756 1905 licebat,
768 1844 866 1906 jureju-

97 1912 175 1961 rando
188 1913 313 1976 pepigisti.
324 1915 451 1964 Thebanos
465 1915 568 1975 legatos,
585 1914 702 1962 Euersam
717 1920 742 1962 et
755 1915 867 1963 Callicri-

97 1987 160 2038 tum,
173 1982 299 2044 venientes
312 1998 327 2033 a
340 1984 420 2041 nobis,
432 1997 544 2046 quaerere
557 1984 622 2032 malo
637 1983 692 2045 quis
704 1983 866 2040 interfecerit,

98 2066 172 2114 quam
181 2067 296 2115 arguere.
303 2054 421 2104 lnAEtolia
430 2054 524 2104 bellum
534 2054 678 2102 intestinum
689 2061 714 2102 et
719 2054 868 2116 caedesprin-

99 2124 183 2184 cipum
190 2137 234 2186 per
245 2139 314 2186 quos,
322 2125 370 2173 nisi
383 2139 428 2185 per
441 2131 506 2180 tuos,
517 2124 672 2172 lactaevideri
686 2127 809 2186 possunt?
820 2126 869 2175 Do-

98 2194 167 2255 lopes
175 2208 189 2241 a
197 2193 279 2254 teipso
286 2197 389 2244 evastati
399 2201 466 2244 sunt.
478 2196 600 2244 Eumenes
608 2209 659 2253 rex,
669 2197 699 2244 ab
710 2196 785 2245 Roma
792 2211 868 2259 quum

100 2265 126 2310 in
138 2277 245 2324 regnum
258 2263 362 2322 rediret,
374 2279 450 2328 prope
466 2271 495 2313 ut
509 2265 610 2314 victima
621 2266 721 2329 Delphis
733 2268 760 2316 in
772 2275 869 2317 sacrato

97 2333 154 2382 »loco
166 2338 223 2383 ante
237 2345 294 2383 aras
309 2341 432 2386 mactatus
446 2336 488 2400 (ὅ),
499 2349 574 2398 quem
588 2335 727 2394 insimulet,
745 2336 814 2400 piget
825 2351 869 2385 re-

127 2476 208 2520 clclv.
220 2477 240 2520 l.
250 2477 293 2522 Nos
303 2485 335 2522 est
345 2479 366 2521 le
374 2481 474 2522 nomina·
499 2503 527 2512 -
535 2480 556 2523 t.
567 2481 680 2523 Eumenes
692 2480 785 2536 Delphis
795 2493 871 2536 prope

96 2538 135 2590 til,
154 2540 214 2594 sujet
238 2540 265 2583 da
286 2540 472 2597 respondeamus.
500 2545 617 2584 mactatus
633 2555 641 2584 :
655 2541 676 2584 le
694 2541 751 2584 ricit
767 2541 794 2583 de
811 2548 870 2584 cette

100 2599 474 2656 Pourlesditailshistoriquescon-
501 2603 631 2646 trabisouse
646 2609 723 2646 trouve
738 2616 766 2646 au
783 2603 818 2646 ch.
836 2604 869 2653 15,

99 2667 166 2703 tenus
176 2663 229 2705 dans
244 2676 269 2706 ee
284 2664 391 2716 discours,
406 2677 471 2721 noyez
500 2664 558 2707 celui
576 2665 604 2708 de
628 2663 649 2708 la
672 2665 826 2709 denonciatiou
844 2665 871 2707 de

101 2724 160 2767 celui
177 2725 300 2778 d'llnmene,
322 2726 395 2770 oxon.
416 2726 471 2771 -2,
500 2725 644 2769 Rammiusde
654 2725 744 2770 Brindes
754 2727 872 2781 (Brundu-

104 2785 218 2840 [Foedus...
233 2789 410 2844 renovanduml,
425 2801 473 2844 pas·
499 2788 577 2844 sium),
588 2801 617 2831 au
635 2787 671 2832 ch.
690 2790 725 2831 lt.
744 2788 831 2832 Comme
850 2790 872 2831 le

103 2858 154 2901 sege
164 2848 253 2904 suppleo
270 2861 309 2904 par
324 2850 434 2902 Sigonius.
444 2851 473 2893 Le
500 2851 809 2909 passageestassezerplicite,
815 2864 872 2894 nous

103 2909 249 2964 copisleavait
257 2910 297 2954 fait
306 2922 351 2956 une
361 2912 473 2954 omission.
501 2922 529 2955 ne
538 2919 667 2968 rapportons
677 2925 715 2962 pas
725 2925 761 2955 ces
771 2912 830 2956 laits.
