1904 3216
13 253 15 256 ,
91 212 138 262 ato
396 211 563 281 onnnonns.

425 363 530 413 CXCVIII

93 485 150 549 Cap.
164 487 202 535 oa.
219 485 339 550 Ejusdem
356 487 442 536 Persei
460 486 541 536 oratio
561 486 597 536 ad
610 487 705 537 Milites
714 493 774 553 poet
788 489 867 540 oicto·

131 557 198 606 aa‘am
212 556 240 606 in
250 558 360 622 equestri
371 558 464 622 proelio
479 557 510 606 de
528 557 645 608 Romanis
659 563 826 623 reportatam.

118 680 147 723 lm
164 678 281 731 mamerto,
297 678 319 723 le
337 679 393 722 tlenr
408 686 431 722 et
446 678 512 722 l'dlite
534 680 562 723 de
581 679 670 724 l'nrmee
684 682 785 725 romnIne
802 695 815 727 a
830 682 866 728 6ῑό

92 743 198 784 rainone:
209 752 253 795 qne
270 751 355 783 sera-oe
370 740 408 783 des
417 746 491 783 autres
504 741 633 796 troupestll
643 753 699 786 nous
716 749 750 786 est
758 743 825 789 tacite
835 746 864 790 de

92 804 125 846 les
133 804 279 858 pourauivre5
289 803 335 845 s'ils
343 803 458 846 s'arretem
466 815 524 858 pour
539 803 667 856 combattre,
678 804 705 846 ils
715 813 791 849 serent
800 809 865 851 vatn-

92 878 131 908 eus
141 876 229 908 encore.

122 979 314 1042 Praeiudicatum
324 987 440 1030 eventum
449 980 508 1029 belli
516 980 622 1031 habetis.
630 981 754 1032 Meliorem
767 991 865 1048 partem

91 1051 211 1109 hostium,
234 1051 375 1114 equitatum
403 1051 548 1109 Romanum,
571 1065 620 1116 quo
645 1052 749 1102 invictos
765 1068 792 1104 se
810 1069 866 1107 esse

92 1123 273 1188 gloriabantur,
290 1121 399 1172 fudistis.
412 1121 512 1185 Equites
520 1120 555 1186 (t)
572 1121 641 1172 enim
663 1123 716 1173 illis
737 1126 865 1189 principes

90 1193 237 1257 iuventutis,
260 1193 356 1256 equites
383 1191 544 1242 seminarium
570 1199 671 1244 senatus
690 1193 770 1244 :inde
789 1197 866 1248 lectos

91 1266 119 1315 in
127 1266 231 1315 Patrum
247 1264 512 1320 numerumconsules‚
528 1265 585 1313 inde
595 1265 758 1328 imperatores
769 1276 866 1320 creant.

92 1337 185 1388 Horum
211 1336 288 1399 spella
307 1336 390 1398 paullo
413 1342 470 1385 ante
494 1335 622 1386 divisimus
647 1337 714 1387 inter
739 1340 868 1391 roselles

91 1409 214 1456 minorem
241 1407 272 1456 de
292 1407 431 1467 legionibus
455 1405 567 1467 peditum
594 1405 723 1455 victoriam
746 1407 867 1460 habetisr

92 1491 158 1539 quae,
167 1483 290 1525 nocturna
303 1476 363 1538 Iuga
375 1476 445 1525 robis
458 1478 597 1531 subtractae,
618 1475 800 1545 naufragorum
815 1485 868 1530 tre-

91 1547 220 1610 pidatione
236 1546 327 1610 passim
340 1548 481 1596 natandum
493 1546 587 1595 flumen
604 1548 798 1611 compleverunt.
817 1547 866 1599 Sed

92 1617 188 1667 facilius
201 1617 274 1665 nobis
284 1616 446 1680 sequentibus
455 1618 531 1666 victos
541 1617 650 1666 Peneum
666 1631 786 1679 superare
800 1619 861 1678 erit,

92 1702 167 1750 quam
178 1687 230 1736 illis
249 1687 429 1749 trepidantibus
442 1688 507 1747 luit;¹
521 1688 718 1750 transgressique
736 1690 865 1751 extemplo

92 1763 173 1807 castra
184 1757 391 1820 oppugnabimus,
406 1770 462 1818 quae
474 1756 549 1805 bodie
567 1757 725 1820 cepissemus,
739 1758 766 1806 ni
788 1758 867 1820 fugle-

92 1835 155 1878 sent.
170 1829 225 1883 Aut,
240 1827 262 1874 si
276 1827 328 1876 acie
343 1827 477 1877 decernere
486 1827 578 1883 volent,
590 1828 697 1877 eundem
716 1842 807 1891 pugnae
821 1843 867 1891 pe·

92 1897 182 1946 destris
195 1903 310 1946 eventum
323 1903 468 1959 exspectate,
486 1896 530 1960 qui
549 1898 663 1960 equitum
680 1899 708 1948 in
725 1900 867 1950 certamIne

91 1968 178 2021 fuerit.

439 2091 523 2142 cxcix

231 2202 287 2263 Cap.
299 2201 338 2250 62.
346 2199 422 2252 Verba
434 2200 571 2249 canicorum
580 2201 616 2249 ad
628 2215 718 2265 regem.

115 2323 219 2365 Concilium
228 2322 307 2362 habenti
315 2322 356 2374 regi
363 2323 388 2361 da
398 2333 472 2362 summa
478 2323 532 2368 belli,
540 2333 600 2370 quum
609 2323 650 2369 jam
656 2322 778 2362 consedisset
786 2325 862 2362 leroeia

94 2372 118 2409 ab
128 2381 151 2407 re
159 2375 209 2408 beno
218 2372 279 2414 gesta,
290 2377 332 2405 ausi
348 2368 479 2414 suntqnidam
488 2368 594 2406 urbicorum
604 2368 708 2407 consilium
720 2368 776 2411 dare,
791 2372 863 2408 urte-

92 2415 156 2454 onnda
172 2414 249 2452 tortum
259 2414 279 2451 in
289 2411 420 2465 perditionem
434 2413 520 2463 hormiae
533 2412 586 2460 pacis
602 2417 693 2452 uteretur
709 2412 776 2463 potius
792 2422 861 2464 qum,

92 2470 127 2507 spe
137 2469 183 2495 vana
191 2464 278 2501 erectus,
287 2466 307 2495 ur
317 2467 384 2496 cesum
392 2457 541 2495 irrevocabilem
551 2467 572 2495 se
580 2457 642 2496 daret.

124 2576 219 2624 bladum
225 2574 353 2637 imponere
362 2573 478 2623 secundis
487 2575 571 2630 rebus,
581 2587 628 2623 nec
635 2574 711 2624 nimis
719 2575 868 2627 erederese-

93 2645 195 2696 renitati
205 2645 336 2707 presentis
347 2645 461 2701 fortunae,
478 2643 607 2707 prudentis
619 2645 728 2695 hominis
739 2652 765 2694 et
774 2647 866 2696 merito

119 2767 218 2811 CXCVIII.
238 2769 257 2812 t.
274 2768 394 2824 Equites...
405 2769 462 2812 L'or-
490 2770 579 2813 fortune
588 2770 640 2814 dont
656 2770 678 2814 le
687 2778 740 2815 trux
753 2771 807 2815 atria
822 2773 864 2817 nrt

93 2832 132 2876 dre
148 2830 186 2873 des
195 2831 324 2882 chevaliers,
334 2831 387 2874 dont
397 2844 425 2874 on
435 2845 463 2875 ne
490 2845 530 2887 par
545 2833 566 2875 la
580 2833 610 2876 loi
621 2833 711 2889 (census
729 2837 863 2892 equestris),

91 2893 233 2950 ponvaititre
240 2893 339 2936 membre
348 2894 462 2949 qu'autnnt
491 2894 618 2938 tournissait
627 2908 669 2939 aux
678 2895 763 2952 ligions
770 2897 792 2940 la
803 2911 865 2943 aava·

85 2955 152 3012 qu'on
167 2954 282 3014 possedar't
300 2969 344 3002 une
361 2958 462 3002 certaina
492 2957 559 3002 lene.
