1904 3216
262 183 299 231 iiii
315 181 459 232 statuant
473 180 631 233 ttttttntfla,
787 182 832 231 aot

63 298 234 362 thaginiensts.
251 298 335 347 Vestra
349 298 470 348 beneficia
482 298 545 348 mihi
561 304 647 361 erepta
661 303 728 356 suut,
747 298 835 350 Patres

63 367 212 428 conscripti,
225 381 267 415 vos
278 367 304 415 in
317 381 373 416 mea
383 366 476 429 injuria
488 367 597 429 despecti
609 367 676 416 estis.

94 440 159 488 Eheu
168 452 207 487 me
216 439 336 486 miserum
346 441 352 486 t
362 439 455 487 Hacine
463 437 505 499 (3),
519 438 619 500 Micipsa
628 444 708 501 pater,
716 441 835 491 beneficia

62 518 104 562 tua
119 524 227 564 evasere,
242 514 277 566 nt,
294 523 368 571 quem
382 517 410 558 tu
426 523 512 571 panem
524 522 582 557 cum
594 509 680 559 liberis
691 512 741 562 tuis
753 513 838 574 regni·

64 595 114 644 que
126 580 273 643 participem
294 580 383 636 t'ecisti,
409 581 431 629 is
449 581 613 643 potissumum
624 581 711 644 stirpis
725 589 777 632 tuae
794 596 835 632 ex·

63 652 166 701 stinctae
183 650 230 699 siti
246 651 375 712 Nunquam
386 664 447 712 ergo
462 649 555 699 familia
570 656 655 699 nostru
671 651 756 714 quieta
768 653 840 704 ecit?
889 692 892 697 .

63 735 194 785 semperne
202 722 227 770 in
235 722 366 783 sangnine,
374 723 450 777 icero,
459 721 516 783 saga
524 720 766 773 versabimur‘tnum
775 725 836 775 liar·

63 791 236 854 thaginienses
244 791 383 841 incolumes
397 792 476 850 fuera,
488 791 545 853 jure
555 791 588 854 (d)
596 792 749 844 omniasaeva
757 796 844 858 petie.

62 862 154 911 bamur
162 876 169 917 ;
186 861 269 911 hostes
280 862 310 910 ab
327 861 411 920 latere,
429 875 472 910 vos
484 861 557 911 amici
569 863 667 924 procui,
678 877 735 927 spes
753 866 834 915 omnia

63 934 91 982 in
106 930 184 981 armis
197 939 260 981 erat.
274 932 406 994 Postquam
415 931 456 980 illa
468 932 544 994 pestis
556 946 585 980 ex
600 932 682 984 africa
695 934 772 997 ejecta
787 943 833 986 est.

64 1003 116 1055 tati
130 1016 216 1065 pacem
231 1003 394 1064 agitabamus,
414 1002 504 1064 qnippe
518 1002 574 1063 quis
587 1002 666 1053 hostis
676 1005 759 1054 nullus
771 1014 834 1062 arat,

64 1072 113 1123 nisi
128 1077 191 1122 torte
202 1087 276 1135 quem
290 1086 332 1122 vos
340 1072 478 1135 jussissetis
489 1071 532 1135 (5).
543 1072 604 1120 Ecce
614 1081 698 1123 autem
707 1089 736 1124 ex
744 1077 836 1139 impro-

64 1144 118 1193 viso
129 1144 262 1203 iugurtha,
278 1142 432 1192 intoleranda
442 1144 552 1198 audacia,
565 1144 738 1206 scelereatque
746 1161 836 1210 super·

64 1217 105 1266 bia
118 1231 173 1266 sese
185 1217 296 1265 ecsereus
308 1217 351 1279 (6),
367 1215 444 1264 iratee
454 1230 508 1266 meo
519 1222 595 1278 atque
604 1217 689 1267 eodem
699 1220 838 1282 propinquo

65 1303 112 1338 sno
125 1289 264 1346 interiecto,
273 1289 381 1352 primum
389 1303 495 1353 regnum
505 1290 567 1352 ejus,
575 1291 675 1340 secteris
682 1292 722 1341 sui
729 1294 838 1354 praedam

65 1359 137 1416 iecit;
145 1366 209 1422 post,
221 1359 312 1410 ubime
321 1361 400 1410 Isdem
409 1360 567 1422 dolisneqnit
574 1374 670 1423 capere,
680 1362 746 1412 nihil
755 1364 841 1417 minus

64 1444 139 1495 quam
152 1431 203 1481 vim
216 1431 361 1481 anthedum
381 1437 563 1495 exspectantem
577 1431 603 1479 in
617 1430 723 1494 imperio
743 1440 838 1491 vostro,

65 1502 139 1552 sicuti
157 1502 256 1557 videtis,
266 1508 392 1552 extorrem
409 1502 497 1564 patria,
513 1501 595 1559 domo,
619 1501 718 1564 inopem
736 1508 761 1553 et
779 1518 838 1554 coo-
880 1502 883 1507 ’

64 1580 164 1635 partum
176 1572 285 1622 miseriis
299 1572 390 1627 effecit,
415 1577 443 1620 ut
453 1571 536 1620 ubivis
559 1572 638 1620 tatius
651 1585 726 1633 quam
740 1573 766 1621 in
782 1588 840 1624 meo

64 1639 247 1704 regnoassem.⁴

97 1714 147 1776 Ego
160 1713 195 1762 sic
213 1713 400 1771 existumaham,
416 1712 500 1762 Patres
518 1713 665 1777 Conseripti,
686 1714 724 1763 nti
744 1717 836 1776 praedi-

66 1792 163 1834 cantem
173 1783 316 1833 audiveram
324 1791 419 1847 patrem
429 1797 519 1835 meum.
531 1784 574 1845 qui
585 1790 693 1833 vostram
700 1785 835 1835 amicitiam

66 1853 327 1915 diiigentercotercnt.
338 1867 380 1903 eos
392 1853 497 1902 multum
506 1854 616 1902 laborem
624 1855 757 1916 suscipere,
773 1864 836 1904 cete-

65 1937 124 1972 rum
135 1938 164 1972 ex
182 1925 298 1973 omnibns
311 1937 425 1972 maxume
439 1929 505 1972 tutos
522 1938 585 1973 esse.
606 1923 675 1980 Quod
697 1925 723 1972 iu
743 1926 836 1974 familia

65 2001 152 2045 nostra
163 1994 222 2052 fnit,
234 1995 350 2057 praestitit
363 1993 406 2058 (7),
428 1993 464 2041 uti
475 1993 501 2042 iu
515 1994 630 2043 omatibus
649 1992 721 2042 hellis
741 1995 840 2044 adesset

64 2176 118 2230 past
135 2186 171 2222 ea,
188 2171 287 2215 secando
311 2172 365 2215 loco.
378 2171 436 2213 -5,
464 2182 502 2213 aas
517 2171 652 2223 jussissem.
675 2177 750 2214 s.-cnt.
773 2176 839 2215 nodie

67 2234 155 2278 Hucine
175 2240 208 2277 est
223 2232 381 2287 l’oatlmgmphe
392 2245 439 2274 coe-
464 2231 550 2274 tactem
564 2244 618 2274 esse.
635 2231 722 2273 Comme
733 2231 795 2275 allids
812 2233 840 2277 ila

67 2296 166 2338 scatade
180 2307 204 2337 ce
216 2302 274 2345 mot;
289 2307 314 2336 ee
328 2295 384 2337 n'est
401 2305 438 2348 pas
465 2292 840 2338 devaientenmbattracontreeeux

68 2357 172 2399 huccine.
190 2380 214 2388 -
233 2357 252 2399 i.
274 2356 332 2399 lura
349 2357 438 2411 indiqu·
466 2356 572 2408 anxquels
602 2354 668 2396 Rome
694 2354 798 2396 declarata
820 2356 839 2398 la

67 2419 211 2475 quatquatois.
233 2431 317 2461 comana
334 2418 373 2466 ici,
397 2430 440 2460 une
466 2416 691 2471 guerra.t1’estdcola
703 2428 746 2470 qne
756 2428 780 2459 se
791 2429 840 2472 tap-

67 2478 337 2533 coaequencanatmelle,
346 2491 441 2521 sanson·
467 2485 554 2532 portant
566 2477 596 2520 ias
609 2478 694 2532 perolas
710 2476 738 2519 de
751 2476 839 2533 Micipsa

67 2552 124 2584 cuna
132 2540 181 2582 idea
192 2541 218 2580 ate
228 2539 300 2582 droit.
314 2541 440 2597 Ainsitpour
468 2539 537 2582 eito'es
549 2539 597 2593 plus
606 2538 661 2581 bas:
680 2537 723 2590 Qui
737 2542 839 2583 vostram

69 2614 97 2644 aa
106 2602 171 2650 ¹citor
184 2600 252 2656 qu'un
272 2600 319 2643 sani
343 2604 439 2656 passage)
467 2601 596 2643 amicitiam
606 2601 715 2651 colerem,
729 2601 841 2644 cosmati·

68 2662 158 2709 Cicerae
181 2663 219 2714 dit,
243 2661 381 2705 Taiscalanea
405 2659 439 2711 tn,
469 2661 630 2705 tumidiorem
643 2662 764 2716 succipere.
779 2663 838 2706 -ἃ

69 2725 105 2768 ch.
114 2725 142 2768 to
155 2738 160 2765 :
172 2724 223 2767 Jeas
233 2728 311 2768 autem
322 2729 375 2768 erat
384 2738 441 2768 aean·
469 2725 576 2778 deserens
585 2724 620 2777 (de
629 2729 723 2774 eoae),
733 2723 840 2766 ancienne

69 2798 113 2841 per
121 2784 182 2828 idem
194 2784 285 2833 auitas.
296 2798 366 2840 quam
381 2798 442 2828 mea·
470 2784 539 2826 iorme
555 2783 582 2825 de
598 2783 710 2837 osseam,
724 2782 840 2825 conserves

70 2848 108 2896 tis,
123 2859 138 2889 a
155 2858 201 2901 qua
217 2845 237 2889 a‘a
250 2847 361 2901 finpitur,
374 2847 443 2891 naatta
469 2847 498 2889 ici
512 2857 551 2899 par
562 2847 595 2889 les
609 2845 662 2888 bons
674 2845 847 2887 manumetis.-

69 2910 136 2964 fieret
153 2908 260 2951 mutatio.
283 2930 308 2941 ·-
329 2910 349 2952 5.
374 2908 443 2962 Quem
470 2909 490 2952 'i.
512 2906 639 2959 Praestitit,
658 2912 739 2951 aeaut.
759 2902 865 2957 {uiuido

126 3005 254 3054 Casmenas.
708 3005 742 3056 ‘li
