1904 3216
112 170 161 223 388
310 214 312 218 .
419 170 581 223 unitiones

116 284 200 347 Lepidi
210 286 337 337 satellites.
344 288 468 338 Praeterea
481 286 583 336 Etruria
593 292 670 348 atque
679 298 765 334 omnes
774 282 891 345 reliquiae

115 355 175 404 belli
190 363 305 415 arreete;
318 358 442 420 Hispaniae
457 357 534 405 armis
551 355 677 414 sollieitae;
694 354 844 403 Mithridates
861 354 890 403 in

113 423 194 475 latere
206 427 363 489 vectigalium
369 427 403 490 (o)
411 433 563 481 nostrorum,
574 425 665 486 quibus
676 424 756 474 adhuc
764 429 891 473 sustenta·

116 496 257 556 mur,diem
272 498 336 546 bello
347 495 532 560 circumspicit:
546 496 607 558 quin
617 500 710 556 praeter
717 494 833 543 idoneum
842 494 891 543 du·
912 488 934 525 Ι

115 580 170 615 cem
185 566 250 615 nihil
264 566 374 616 abestad
387 566 585 617 subvortundum
596 565 737 628 imperium.

148 637 215 693 Quod
226 650 272 700 ego
285 650 383 686 vosoro
396 643 471 698 atque
482 638 594 697 obsecro,
606 636 690 685 Patres
702 634 849 696 conscripti,
859 641 890 684 ut

113 706 331 763 animadvortatis,
347 720 379 755 ne
395 707 527 768 patiamini
541 706 667 755 licentiam
682 704 802 754 scelerum
816 704 890 764 quasi

115 776 210 825 rabiem
224 777 255 825 ad
269 777 380 838 integros
390 783 505 825 contactu
519 777 663 840 procedere.
679 775 799 831 llam,ubi
811 774 890 822 malos

114 847 215 908 praemia
225 855 374 907 sequuntur,
383 847 449 895 baud
461 845 534 895 troile
544 847 676 908 quisquam
688 844 796 904 gratuito
809 844 890 893 bonus

114 921 160 964 est.
177 915 380 977 inexspectatis,
399 916 458 964 dum
471 915 580 965 exercitu
595 927 683 963 rursus
698 915 805 970 admoto,
821 913 890 962 terro

114 991 193 1048 atque
203 985 301 1034 damma
311 987 400 1037 urbem
410 987 525 1037 invadat?
537 987 606 1042 Quod
614 987 693 1034 multo
703 986 805 1047 propius
814 991 852 1032 est
857 986 890 1034 ab

112 1068 155 1111 eo,
161 1068 210 1116 quo
222 1055 308 1115 agitat,
322 1063 396 1114 statu,
406 1070 517 1118 quamex
528 1070 586 1117 poce
600 1055 766 1105 etoonoordia
776 1056 806 1104 ud
818 1069 890 1104 arma

116 1122 212 1183 civilium
224 1137 281 1186 quae
294 1125 337 1174 ille
349 1126 480 1174 advorsum
490 1123 575 1172 divina
585 1132 610 1173 et
616 1125 724 1173 bumana
733 1123 814 1172 omnia
823 1124 890 1185 oepit

114 1206 166 1243 non
175 1208 220 1256 pro
229 1209 274 1244 sua
284 1201 330 1245 aut
339 1209 447 1258 quorum
458 1196 557 1244 simulat
565 1195 667 1257 injuria,
674 1195 717 1244 sed
726 1197 810 1256 legum
821 1208 849 1243 ac
859 1196 890 1245 li·

115 1265 223 1315 bertatis
233 1267 417 1317 subvortundae.
437 1266 543 1327 ringitur
556 1266 624 1314 enim
640 1280 668 1315 ao
679 1267 801 1314 laceratur
813 1265 890 1314 animi

116 1333 236 1396 cupidine
248 1342 274 1384 et
289 1348 411 1384 noxarum
425 1342 503 1392 metu,
516 1348 604 1397 expers
616 1335 710 1395 consili,
721 1335 826 1398 inquies,
835 1336 891 1384 haee

116 1404 360 1466 atqueillatentans3
373 1407 464 1454 metuit
473 1404 736 1462 otium,oditbelluin;
750 1406 891 1466 luruatque

114 1472 216 1522 licentia
230 1475 365 1524 carendum
378 1475 454 1528 videt,
469 1482 543 1538 etque
557 1476 662 1524 interim
678 1475 791 1524 abutitur
807 1484 890 1525 vostre

114 1545 236 1593 socordia.
250 1544 333 1608 Neque
347 1546 409 1595 mihi
420 1546 481 1595 satis
496 1547 584 1595 consili
599 1554 646 1607 est,
662 1553 764 1596 metum.
775 1559 805 1593 an
822 1547 890 1608 igna-

115 1613 189 1675 viam,
201 1629 232 1664 an
246 1616 397 1665 dementiam
414 1631 469 1665 eam
483 1619 619 1679 appellem;
631 1617 674 1679 qui
685 1616 803 1665 videmini
819 1622 890 1665 tanta

116 1684 181 1732 mala
199 1689 271 1747 quasi
287 1687 391 1744 fulmen,
410 1694 496 1749 optare
509 1701 536 1736 se
549 1687 655 1749 quisque
670 1700 702 1735 ne
716 1686 830 1747 attingat,
844 1687 889 1736 sed

115 1755 250 1818 probibere
260 1770 293 1806 ne
305 1758 390 1806 conari
408 1758 520 1820 quidem.

147 1827 176 1876 Et
194 1841 277 1890 quaeso
295 1830 458 1887 considerate,
472 1843 548 1893 quam
567 1842 684 1878 convorsa
701 1843 786 1878 rerum
799 1836 890 1885 natura

116 1898 161 1946 sit.
175 1900 251 1947 Antea
271 1900 366 1947 malum
379 1899 506 1960 publicum
522 1899 626 1954 ocoulte,
642 1898 734 1948 ovvxilia
748 1900 830 1960 palam
850 1900 889 1947 in-

114 1969 286 2026 struebantur,
297 1977 322 2018 et
332 1983 361 2017 eo
373 1969 433 2018 boni
445 1970 522 2018 malos
532 1969 604 2019 facile
614 1969 755 2018 anteibant:
765 1983 831 2018 nunc
843 1984 889 2031 pax

114 2044 142 2086 et
156 2039 287 2088 eoncordia
306 2039 480 2088 disturbantur
498 2041 588 2102 palam,
601 2039 768 2088 defenduntur
781 2039 886 2089 occulte.

116 2110 211 2166 Quibus
228 2112 271 2160 illa
290 2113 397 2174 placent,
418 2112 536 2160 inarmis
552 2121 623 2168 sunt;
637 2112 719 2163 vosin
734 2119 811 2161 metu.
824 2111 889 2167 butu

114 2185 276 2245 exspectatis?
293 2184 342 2234 nisi
356 2184 421 2232 lorte
437 2184 514 2245 pudet
530 2189 573 2233 out
586 2183 654 2245 piget
664 2190 732 2232 recte
743 2184 834 2232 iacere.
851 2184 888 2231 An

116 2253 201 2315 lepidi
211 2255 323 2303 mandatu
333 2255 429 2304 animos
436 2255 552 2303 moveret
563 2253 607 2316 qui
616 2255 713 2314 placere
720 2253 756 2302 ait
763 2267 807 2302 sua
818 2253 889 2315 quoi·

116 2335 165 2383 que
176 2324 254 2379 reddi,
268 2331 291 2371 et
300 2323 381 2372 aliena
394 2330 476 2382 tenet;
487 2323 548 2371 belli
556 2322 616 2383 jura
629 2323 676 2386 (ld)
687 2323 804 2379 rescindi,
812 2336 888 2384 quoni

32 2416 35 2420 ⁴
117 2391 479 2454 ipsearmiscogat30ivitatem
488 2393 641 2451 confirmari,
649 2394 888 2456 quibusademptam

119 2471 193 2526 negat
207 2464 254 2525 (tt)
264 2463 416 2513 :conourdiae
425 2463 505 2524 gratia
514 2463 595 2524 plebei
606 2463 767 2512 tribuniciam
779 2469 889 2526 potesta-

117 2637 186 2681 d'etre
196 2637 292 2680 attaches
297 2650 326 2679 au
331 2637 386 2691 parti
391 2637 418 2680 de
424 2635 488 2692 Sylla.
516 2638 569 2680 saite
577 2637 607 2679 du
616 2637 672 2692 porti
682 2639 709 2680 de
719 2638 807 2680 ilarius.
817 2661 845 2670 -
854 2639 887 2682 tl.

77 2749 79 2753 7
117 2723 144 2731 -
157 2701 178 2742 9,
202 2698 355 2754 Vectipotium
373 2698 400 2740 de
420 2697 490 2741 uerti·
517 2698 890 2754 civitatemconprmori(iniqui-

119 2760 192 2816 poles.
204 2759 277 2805 -10,
295 2759 356 2802 Belli
365 2761 425 2814 J'uro
435 2771 490 2815 pour
518 2759 700 2816 oosodemptam
705 2765 782 2816 nepot.
790 2761 889 2816 Pbilippe

116 2823 176 2877 jura
185 2821 246 2864 dello
257 2824 338 2876 porta,
349 2822 381 2864 les
391 2823 431 2864 lois
440 2820 491 2863 Cor·
518 2821 611 2863 olierche
624 2823 637 2864 d
649 2822 776 2865 dimontrer
789 2823 889 2866 oombieu

115 2883 231 2927 nellennes
239 2882 327 2938 porte'es
341 2884 405 2939 apres
419 2884 440 2926 la
453 2882 491 2925 dd·
518 2889 551 2924 est
560 2881 654 2926 absurde
664 2883 685 2926 la
699 2885 803 2928 tentative
812 2884 840 2928 de
850 2884 890 2930 Le·
