1904 3216
196 202 235 253 EX
251 201 321 253 lell
339 204 425 255 lieno
441 204 485 255 ΠΙ.
694 199 727 250 15

60 318 188 374 clauum,
199 331 233 367 ne
245 331 292 380 pro
305 330 333 366 se
346 316 409 380 ipsiu
420 316 532 381 quiderm
542 327 621 380 quum
632 327 660 364 m
668 313 727 364 lini·

60 403 106 438 em
118 389 251 446 baberent,
259 387 383 450 attingere
393 401 463 436 arum
474 386 542 450 passi
552 398 650 441 sumus,
657 397 727 434 nunc

63 460 90 508 ni
103 473 150 509 sua
160 466 249 522 sponte
261 472 332 507 arma
345 456 519 521 sumpsissent,
536 455 602 520 eapti
612 463 639 506 et
647 455 726 506 deleti

72 530 122 578 llcc
132 536 179 589 est,
188 528 297 585 tribuni,
308 528 431 578 auxilium
437 527 504 590 plebi
512 527 589 584 terre,
601 525 727 576 inermem

61 599 82 648 ti
95 598 270 648 trucidandam
283 599 409 661 objiceret
426 597 535 653 bcilicet,
548 597 570 647 si
584 596 643 660 quis
655 595 726 645 robis

61 683 112 718 uus
122 669 199 719 bcmc
210 669 241 719 de
252 675 333 719 nestra
345 670 425 732 plebe,
439 682 522 731 quam,
535 674 633 731 partem
648 665 726 716 veluti

60 752 82 787 m
93 745 201 788 aceterc
211 740 312 802 populo,
324 745 429 789 vestram
440 739 550 802 patriam
561 736 727 801 peculiarem·

60 810 196 872 publicam
214 809 323 865 lecistis;
335 810 356 859 si
371 809 429 871 quis
441 823 472 858 ex
485 809 526 858 bis
538 808 641 858 domum
654 820 725 857 cuam

60 895 76 928 n
86 895 100 929 a
111 879 207 928 familia
215 880 454 935 armatanuntinret,
461 878 595 928 ferendum
604 876 726 927 auxilium

61 963 93 999 s:
116 950 234 1012 luppiter
253 949 365 1013 optimus
383 949 518 1006 maximus,
534 950 635 998 exulum
650 953 726 1011 atque

61 1035 81 1070 n
96 1029 184 1083 septus
198 1020 285 1078 umis,
296 1021 364 1070 nulla
375 1021 536 1082 bumananpe
548 1019 640 1080 (lignus
652 1017 725 1068 erati

61 1093 169 1141 >atulam
187 1099 217 1140 ut
234 1091 384 1142 sacrosancti
402 1091 549 1149 habeantur,
568 1089 661 1152 quibus
676 1088 725 1152 ipsi

61 1177 89 1210 ue
106 1161 172 1211 sacri
189 1174 270 1224 neque
290 1163 369 1210 sancti
387 1167 490 1211 sunt·
500 1161 531 1209 lt
548 1159 616 1209 euim
632 1158 726 1209 divinis

61 1245 117 1294 nque
134 1231 219 1279 obruti
230 1230 374 1287 sceleribus,
394 1230 475 1292 legem
491 1228 523 1293 (l)
540 1242 582 1278 vos
597 1230 645 1278 boc
660 1240 725 1279 anun

62 1300 228 1348 csdictitatis.
241 1298 311 1357 lum,
323 1299 435 1355 hercule,
445 1299 489 1348 illc
498 1299 596 1361 diequc
604 1311 652 1360 ego
664 1310 725 1347 con·

69 1377 180 1426 creatus,
190 1369 255 1419 male
268 1374 336 1431 gesta
351 1369 492 1432 respublica
501 1375 548 1426 est,
560 1368 633 1431 pejus
645 1368 724 1417 multo

61 1454 119 1490 lum
133 1439 160 1488 Ρ.
173 1440 284 1490 Valerius
295 1443 381 1490 ccnsul
397 1441 483 1504 periit,
496 1440 518 1490 si
531 1439 651 1490 tuleritis.
669 1439 724 1489 lam

78 1511 202 1569 omnium,
223 1510 341 1568 Quirites,
362 1513 389 1561 in
403 1512 499 1562 Volscos
514 1518 540 1561 et
555 1512 644 1574 Equos
660 1510 724 1559 mibi

61 1583 140 1644 ›llegae
151 1582 260 1643 legiones
275 1583 367 1633 ducere
378 1583 405 1633 in
417 1584 500 1632 animc
513 1589 559 1634 est.
573 1583 660 1632 Nescio
675 1595 724 1644 quc

61 1655 105 1717 ‚gis
128 1654 248 1704 bellantes
264 1668 338 1717 quam
362 1655 442 1717 pacati
466 1655 585 1717 propitios
605 1655 724 1703 babemus

61 1736 158 1779 lantum
170 1728 310 1790 periculum
319 1730 351 1778 ab
367 1729 418 1777 illis
430 1729 530 1791 populis
541 1729 627 1785 fuerit,
641 1728 664 1778 si
681 1727 725 1776 Ca-

61 1817 65 1848 ι
83 1801 115 1847 ab
133 1799 248 1849 exulibus
266 1801 395 1849 obsessum
416 1800 529 1858 sclssent,
553 1798 677 1862 suspicari
693 1797 725 1848 (le

63 1883 86 1925 c,
99 1882 177 1930 quam
188 1883 216 1918 re
227 1870 281 1932 ipsa
295 1871 415 1932 experiri,
427 1876 465 1919 est
476 1871 575 1919 melius.

307 2046 368 2095 xlll

68 2161 109 2209 tl.
123 2160 210 2210 Oratio
221 2161 248 2210 l.
256 2160 366 2220 Quinctii
378 2161 522 2211 Cincinnati
533 2160 568 2210 nd
578 2163 676 2210 Patrue.

62 2288 163 2329 nutempm
173 2286 251 2333 senatus
259 2284 354 2327 consulto,
366 2283 425 2321 iidem
438 2282 513 2320 tribuni
531 2284 602 2322 relecti
612 2285 679 2321 essent
689 2283 726 2319 Pa-

62 2328 100 2363 lebl
110 2329 186 2377 renem
200 2329 321 2370 raderentur.
330 2328 441 2371 Quinctium
451 2329 552 2367 consulem
568 2328 692 2366 reficiebant.
703 2328 726 2362 lt

62 2383 73 2409 c
83 2375 172 2409 οηῑιοιιο
182 2374 282 2419 mcrepat:

62 2478 118 2520 nuda
128 2489 157 2520 au
166 2475 236 2529 sinat,
248 2483 271 2520 et
279 2477 340 2520 relus
350 2478 379 2520 du
389 2479 495 2521 consulet.
506 2501 534 2511 -
544 2479 683 2523 Erbcmnticn
694 2479 706 2523 i

262 2552 302 2582 scu
313 2540 420 2595 collbgue.

62 2676 67 2689 .
79 2637 102 2686 si
113 2650 175 2685 rnna
186 2639 369 2690 assummum
381 2639 530 2700 Conscripti,
538 2638 569 2687 ad
577 2638 673 2700 plebem
683 2653 726 2687 au-

64 2713 103 2756 αι
110 2707 121 2754 l
129 2707 280 2756 loselevatis
287 2722 340 2757 earn
350 2723 356 2763 ς
366 2709 458 2769 quippe
467 2710 525 2771 quia
535 2709 607 2771 plebs
614 2717 726 2758 senatus·

62 2793 94 2828 un
102 2777 601 2845 incontinuandisrunagistratibusnnlvit,
608 2779 657 2842 ipsi
666 2793 728 2843 quo·

62 2932 79 2969 :e
95 2921 199 2967 (ierant.¹⁴
222 2946 245 2952 --
259 2922 277 2964 l.
287 2924 373 2977 Lenem.
385 2924 466 2973 sarcir.
479 2925 650 2980 mutilium.
