1904 3216
89 183 118 228 ru
392 182 554 232 ottt't'tottts

86 297 192 344 alterum
203 312 232 345 ex
245 299 316 359 plebe
327 299 408 350 creari
424 312 522 348 necesse
532 297 572 354 sit,
587 303 724 359 utrumque
736 311 764 345 ex
777 297 857 346 Patri·

86 366 132 414 bus
153 371 280 429 praeterire
305 371 397 419 liceat?
418 371 535 428 Quaenam
549 370 595 417 ista
610 370 723 425 societas,
740 381 855 430 quaenam

86 440 209 488 consortio
223 440 279 488 estt
291 441 382 489 Parum
394 449 432 490 est
440 440 470 497 si,
484 440 555 500 quus
566 453 624 502 pars
635 445 678 488 tua
698 439 766 487 nulla
777 438 856 487 adhuc

86 509 142 569 suit,
160 510 186 558 in
201 517 295 571 partem
317 511 370 574 ejus
389 511 466 567 venis,
479 509 527 558 nisi
540 515 634 572 partem
648 510 753 572 petendo
775 513 856 557 totum

86 577 209 625 traxeris?
224 593 236 623 ι
250 578 342 638 Timeo,
355 580 446 642 inquit,
456 593 496 634 ne,
513 578 534 627 si
549 580 610 628 duos
624 578 710 628 licebit
720 579 801 629 creari
810 591 857 640 pa-

87 645 207 704 «tricios,
220 648 344 698 neminem
359 649 449 699 creetis
462 648 597 711 plebeium.
615 649 702 706 »Quid
717 654 755 698 est
772 648 856 699 dicere

87 715 151 765 aliud
167 716 210 779 llo)
223 735 229 764 z
244 719 302 778 quia
317 719 432 781 indignos
443 726 523 768 vestra
537 721 663 769 voluntate
674 718 785 770 creaturi
805 733 855 768 non

86 785 152 843 estis,
166 787 337 836 necessitatem
350 788 418 837 vobis
431 788 531 838 creardi
541 803 603 851 quos
616 803 667 839 non
684 789 759 838 vultis
775 789 856 851 impo-

86 856 165 904 nam‘l
180 856 242 912 Quid
251 857 365 919 sequitur
374 859 422 907 nisi
430 865 457 907 ut
465 859 649 909 nebenelicium
659 859 760 922 quidem
769 858 855 909 debeat

86 928 185 988 populo,
200 927 221 976 si
235 941 293 976 cum
304 928 400 977 duobus
415 929 606 990 patriciis'unus
620 928 720 991 petierit
734 928 853 992 plebeius,

86 1001 112 1043 et
126 995 181 1057 lege
194 1010 229 1053 se,
241 1010 289 1045 non
302 997 430 1058 suffragio,
441 1005 552 1046 creatum
562 999 645 1047 dicati

119 1065 243 1122 Quomodo
253 1074 425 1130 extorqueant,
441 1081 490 1116 non
504 1068 627 1129 quomodo
641 1073 725 1130 petant
738 1069 853 1126 honores,

87 1143 220 1196 quaerunt:
239 1141 265 1184 et
278 1137 312 1184 ita
325 1136 433 1186 maxima
445 1144 505 1186 sunt
516 1138 638 1199 adepturi,
651 1144 678 1186 ut
694 1137 757 1186 nihil
772 1149 856 1200 nepro

87 1205 196 1253 minimis
210 1205 312 1268 quidem
326 1206 449 1261 debeaut;
463 1213 487 1254 et
497 1207 669 1256 occasionibus
687 1205 855 1268 potiusquam

87 1274 178 1323 virtute
191 1280 275 1336 petere
291 1275 396 1324 honores
411 1276 515 1324 malunt.
532 1277 572 1324 Est
584 1276 673 1338 aliquis
683 1274 763 1338 quise
776 1274 855 1336 inspi-

87 1345 118 1399 ei,
132 1345 249 1394 aestimari
267 1338 387 1403 lastidiat,
398 1345 442 1408 qui
459 1355 538 1395 certos
552 1346 599 1395 sibi
612 1348 655 1396 uui
670 1346 777 1395 honores
789 1344 855 1396 inter

87 1414 232 1464 dimicantes
264 1416 438 1477 competitores
470 1430 569 1477 aequum
592 1422 689 1466 censeat
716 1415 790 1465 esse‘l
811 1417 855 1479 qui

87 1498 112 1531 se
128 1484 231 1534 arbitrio
248 1493 331 1534 uestro
354 1486 462 1535 eximat?
476 1485 519 1550 qui
543 1494 626 1536 uestra
647 1484 785 1536 necessaria
802 1485 856 1535 sui-

88 1555 166 1615 lragia
196 1569 241 1617 pro
267 1557 422 1615 voluntariis,
450 1565 475 1606 et
493 1571 564 1606 serua
581 1572 626 1620 pro
653 1556 742 1606 liberis
764 1553 854 1605 iaciat?

86 1626 174 1675 omitto
192 1626 313 1676 Licinium
337 1627 504 1689 Sentiumque,
524 1641 631 1688 quorum
648 1640 726 1676 annos
750 1625 776 1676 iu
801 1639 855 1689 per-

86 1700 160 1754 petua
183 1701 310 1756 potestate,
332 1701 449 1757 tanquam
476 1709 566 1756 regum
590 1695 616 1744 in
648 1695 767 1758 capitolio
793 1693 853 1758 (tt),

87 1764 236 1812 numeratis:
254 1765 312 1825 quis
329 1773 365 1813 est
382 1765 454 1813 hodie
469 1764 497 1813 in
513 1765 609 1814 civitate
624 1771 675 1813 tam
688 1763 799 1822 humilut,
816 1762 854 1812 cui

87 1846 136 1881 non
148 1834 185 1882 via
195 1835 225 1882 ad
234 1838 391 1884 consulatum
403 1835 509 1892 facilior,
524 1849 567 1897 per
578 1835 650 1884 istius
662 1835 726 1897 legis
745 1834 855 1884 occasio-

87 1917 153 1960 nem,
170 1918 245 1966 quam
257 1907 329 1955 nobis
345 1920 373 1955 ac
388 1907 472 1955 liberis
484 1907 574 1955 nostris
586 1906 637 1961 fiat.
654 1905 675 1954 si
688 1906 788 1968 quidem
800 1917 853 1959 nus,

87 1986 208 2034 nequam
221 1974 352 2023 uolueritis
361 1975 472 2037 quidem,
487 1989 571 2024 creare
585 1974 711 2025 interdum
724 1973 853 2037 potentiss

88 2042 155 2098 istus,
171 2042 245 2091 etiam
261 2043 283 2092 si
296 2043 433 2102 nolueritis,
444 2057 543 2093 necesse
557 2043 609 2094 siti

113 2164 134 2207 t.
150 2164 212 2208 Euda
231 2166 264 2210 les
278 2166 414 2210 ceremonias
422 2168 450 2210 de
460 2167 480 2210 la
490 2168 585 2223 religion
602 2174 677 2212 serout
692 2169 748 2212 dunc
763 2169 854 2221 oboliea,

89 2226 184 2280 lorsqu'il
194 2241 206 2283 y
215 2240 268 2270 aura
278 2241 308 2270 un
318 2229 394 2270 consul
402 2228 510 2283 plebeien,
523 2231 617 2285 puisque
626 2231 660 2274 les
676 2231 797 2287 patriciens
806 2235 856 2298 sont

88 2289 146 2329 souls
156 2289 298 2344 depositaires
308 2290 338 2333 du
347 2291 414 2334 culte.

118 2402 140 2449 i.
156 2401 190 2452 De
201 2405 349 2466 indignitate
360 2406 419 2456 satis
430 2408 522 2456 dictum
533 2414 583 2458 est:
598 2409 690 2459 etenim
702 2409 813 2470 dignitas
825 2410 857 2460 ad

88 2472 198 2522 homines
211 2476 331 2535 pertinet:
355 2476 413 2538 quid
424 2477 454 2525 de
465 2479 627 2541 religionibus
643 2485 718 2541 atque
729 2480 855 2544 auspiciis,

88 2558 143 2606 quae
159 2546 258 2607 propria
271 2549 375 2595 deorum
388 2545 567 2599 immortalium
574 2550 727 2614 contemptio
735 2558 809 2614 atque
817 2552 856 2601 in-

89 2648 250 2699 10.Quideat
276 2651 353 2696 dicere
379 2652 454 2702 aliud,
483 2654 509 2697 in
522 2655 856 2712 capitottomltnstonauxeu-

88 2716 192 2753 tournure
208 2713 246 2766 qui
263 2725 274 2754 a
291 2713 325 2756 ete
341 2714 456 2769 expliquee
483 2717 856 2772 tuesnosseptrotsptaoaesdaasle

87 2773 139 2814 dans
149 2771 169 2814 la
181 2779 232 2815 note
241 2774 261 2816 6.
272 2773 312 2817 lies
321 2777 414 2831 copiates
421 2774 457 2818 re·
482 2778 585 2834 Capitole,
593 2785 616 2821 et
621 2784 708 2833 portant
718 2779 855 2836 desinacrip-

87 2834 456 2888 ceutsontinsereicilesunsniai,
483 2840 601 2894 tionslqui
625 2839 761 2895 indiquaieut
787 2841 855 2897 Γόμο-

82 2898 117 2937 les
124 2903 200 2940 autres
209 2909 287 2952 quam.
295 2923 320 2929 —
328 2901 361 2942 11.
371 2900 456 2956 Repum
483 2912 525 2954 que
535 2907 556 2942 et
564 2900 585 2942 la
597 2899 665 2944 dureo
674 2901 702 2945 de
714 2901 765 2945 leur
773 2902 852 2959 renuo.
