1904 3216
215 240 249 289 Ei
269 239 362 295 onom
378 245 526 299 nnumin!
541 248 630 300 niuno
646 250 684 300 lv.
790 251 837 302 445

419 434 484 482 xxii

65 562 122 623 Cap.
136 560 176 610 40.
192 560 231 610 Ae
245 575 276 608 cn
293 559 414 618 Tiberius,
432 560 537 608 laudam
544 561 640 624 pietate
650 559 747 623 sejani,
761 574 837 624 ouum

95 629 360 764 acciprmonquamud
374 629 499 694 inicorum
508 629 716 678 consultationem
722 631 835 695 petisset,

90 824 130 868 Les
136 825 223 880 princes
232 829 353 867 soniturus
362 835 403 878 per
411 825 462 880 plus
469 824 497 868 de
503 825 676 868 consideratione
685 837 729 881 qne
738 824 772 869 les
780 837 830 881 per·

64 885 172 930 nculiers.
183 884 298 929 L'nlliunce
310 884 338 927 de
352 883 415 940 Scjnn
430 897 481 928 avec
491 885 551 929 Livio
562 885 690 929 nliumernit
704 885 725 928 ln
734 884 834 931 discorde

64 948 143 992 dunsln
152 947 236 991 rumille
251 945 367 1001 impirinle
376 961 383 989 r
393 959 418 991 ce
428 947 484 991 n'est
495 947 550 990 donc
561 960 602 1003 prs
613 947 712 991 l'intdrdt
724 947 751 991 de
761 947 834 1003 Seiam

64 1016 112 1054 tout
125 1010 146 1053 le
158 1010 246 1062 monde,
256 1009 378 1063 d'nillcurs,
388 1022 417 1052 on
426 1017 532 1064 songennt
539 1010 552 1052 i
559 1009 580 1052 ln
589 1011 703 1053 nuissnnce
714 1009 836 1054 inferieure

64 1074 95 1118 du
103 1073 344 1127 ministre..accuseroir
352 1073 546 1130 lospredilections
553 1074 580 1117 do
589 1073 730 1128 i'empereur.
741 1097 766 1106 -
776 1074 793 1117 11
803 1080 837 1117 est

63 1136 152 1180 nature!
162 1137 295 1192 qu'duguste
308 1136 339 1178 nit
348 1135 417 1190 pensi
430 1136 443 1178 d
455 1135 537 1179 choisir
545 1148 577 1178 un
591 1135 672 1190 gundre
682 1134 769 1190 dloigne
778 1136 805 1179 de
815 1136 835 1179 ln

63 1200 99 1241 vie
113 1199 233 1254 poliuquo=
243 1199 299 1241 mnis
308 1198 329 1240 ln
339 1198 433 1253 position
446 1198 473 1242 de
482 1197 546 1245 Sdinn
556 1197 612 1239 n'est
622 1196 724 1251 puscolle
734 1197 761 1241 de
778 1196 835 1240 hu-

64 1261 156 1303 culeius.
166 1284 193 1294 -
200 1261 246 1311 Quo
253 1260 317 1316 Sijrn
326 1273 350 1303 se
357 1260 428 1303 coniie
436 1273 464 1303 cn
473 1259 565 1303 l'nmitid
574 1259 700 1303 deTihere:
715 1271 742 1303 en
751 1271 836 1303 aucune

65 1322 166 1365 occasion
180 1321 223 1366 elle
235 1335 262 1366 ne
271 1323 301 1365 lui
309 1334 437 1378 mnnquern.

96 1446 188 1497 Ceteris
194 1445 340 1496 mortalibus
347 1446 374 1494 in
381 1460 411 1495 eo
418 1453 483 1495 sture
491 1446 604 1504 consilia,
614 1445 675 1509 quid
682 1443 731 1505 sibi
744 1443 835 1496 condu-

64 1531 120 1566 cere
134 1522 237 1579 putenm
252 1517 398 1579 Principum
416 1517 540 1566 diversum
554 1531 609 1567 esse
622 1523 723 1575 sortem,
743 1516 836 1580 quibus
914 1561 917 1565 .

64 1588 188 1650 precipue
202 1601 288 1638 rerum
302 1587 439 1637 adsumam
451 1588 658 1650 dirigendn.1deo
671 1603 698 1638 se
711 1601 762 1638 non
774 1587 836 1639 illuc

65 1659 207 1716 decurrere,
219 1659 285 1722 quod
303 1664 447 1720 promptum
460 1659 584 1722 rescripto
599 1677 605 1707 :
619 1673 690 1722 posse
704 1659 783 1722 ipsam
796 1659 835 1709 ni-

64 1731 129 1779 vium
144 1736 260 1786 statuere,
270 1729 414 1778 nubendum
428 1735 483 1791 post
494 1730 610 1786 Drusum,
622 1743 654 1778 nn
665 1729 692 1777 in
705 1729 835 1792 penatibus

64 1800 155 1849 iisdem
164 1800 317 1850 tolerandum
329 1800 432 1848 haberet
440 1799 484 1862 (i);
495 1813 549 1849 esse
556 1799 594 1847 iili
604 1805 708 1847 matrem
715 1799 833 1857 esuriam,

64 1870 178 1932 propiora
187 1869 299 1919 consilia.
311 1869 496 1933 Simplicium)
511 1874 638 1917 acturum:
653 1867 683 1916 de
692 1867 834 1917 inimicitiis

65 1939 174 2001 primum
182 1938 332 2001 Agrippinae,
342 1952 403 2001 quus
411 1939 484 2000 longe
497 1937 579 1986 acrius
593 1950 701 1995 arsuras,
710 1937 732 1986 si
746 1938 835 1987 mutri-

65 2008 175 2057 monium
190 2008 261 2057 Liviae
276 2008 385 2057 velutin
399 2017 482 2070 partes
493 2008 594 2055 domum
608 2009 732 2055 Caesarum
745 2007 835 2057 distre-

65 2080 141 2127 xisset
154 2094 160 2124 ε
174 2077 210 2128 sic
220 2092 319 2141 quoque
332 2091 464 2139 erumpere
476 2077 660 2126 {emulationem
673 2077 833 2136 feminarum,

65 2163 142 2211 eaque
152 2147 276 2197 discordia
287 2152 389 2209 nepotes
403 2161 460 2195 suos
476 2147 596 2206 conredo
611 2147 680 2208 quid,
690 2147 712 2196 si
722 2147 835 2197 incende·

64 2228 107 2268 tur
113 2211 238 2268 certamen
253 2216 296 2266 teli
309 2216 444 2277 conJugio‘?
454 2215 557 2265 Falleris
570 2217 646 2276 enim,
662 2216 758 2280 sejano,
774 2217 795 2266 si
809 2224 834 2267 te

64 2302 210 2338 mansurum
218 2288 245 2336 in
258 2287 344 2338 eodem
351 2287 480 2351 ordine(5)
488 2293 602 2349 porroet
608 2288 709 2343 Liviam,
718 2287 834 2350 quaeCnio

65 2358 163 2414 Caesari,
177 2370 233 2405 mox
247 2357 326 2406 Druso
340 2361 416 2417 nuptu
429 2355 513 2414 fuerit,
531 2370 561 2406 ea
576 2364 658 2406 mente
671 2363 790 2413 acturam.
806 2365 835 2407 nt

65 2443 122 2478 cum
142 2428 226 2489 equire
240 2427 348 2476 Romano
369 2432 488 2476 senescat.
504 2428 554 2488 Ego
570 2432 599 2475 nt
612 2426 703 2485 sinam,
719 2428 834 2477 credisne

64 2513 179 2561 passuros
187 2497 228 2560 qui
238 2501 341 2546 iratrem
355 2496 460 2560 ejdem,
473 2497 516 2558 qni
524 2505 621 2558 patrem
629 2497 834 2560 majoresqueno-

65 2578 129 2618 siros
143 2570 169 2617 in
181 2568 286 2617 summis
299 2566 412 2629 imperiis
426 2567 531 2617 ridere?
545 2566 584 2616 Vis
599 2575 627 2616 tu
640 2567 742 2630 quidem
757 2567 834 2618 istum

90 2728 159 2772 XXIV.
178 2729 199 2772 i.
220 2727 376 2772 Tolerandum
396 2726 437 2769 do·
463 2726 686 2771 starchannus-5.
700 2727 834 2772 idoneorum

64 2792 129 2834 beret
146 2802 203 2845 pour
222 2787 370 2833 tolerandum
390 2786 437 2831 sios·
463 2786 772 2832 incommomodum
782 2800 833 2845 rep·

64 2855 130 2902 esset,
151 2865 175 2895 se
191 2850 311 2908 rupproche
331 2850 380 2904 dejd
398 2850 436 2894 dee
463 2856 524 2905 porte
537 2850 597 2891 dces
613 2850 698 2904 pnroles
711 2851 738 2894 de
755 2850 836 2903 Si'mn:

64 2916 157 2959 idiomes
175 2913 290 2957 modernes
309 2924 316 2956 ε
335 2912 394 2957 nvait
422 2912 435 2956 i
463 2923 513 2956 non
526 2922 612 2955 esum
628 2910 748 2963 impus'ssu
755 2909 856 2969 usuum

62 2984 139 3021 rester.
152 3001 178 3010 -
196 2974 216 3023 2.
231 2974 441 3035 simplicianum
469 3000 497 3010 -
510 2974 535 3021 i.
548 2975 663 3019 eruorem
671 2965 873 3022 eiuscomm-
