1904 3216
395 201 554 253 oltlnon'ns

443 371 512 421 xllx

87 499 147 562 Gap.
162 497 202 548 19.
223 496 310 549 Oratio
322 495 485 545 Triballorum
494 495 575 560 plebis
585 497 621 546 ad
631 497 730 555 Palma,
745 495 777 547 de
790 511 863 546 amtt-

311 567 392 616 aando
403 568 438 616 ad
443 566 542 631 plebem
553 567 658 618 Manlio.

110 693 194 737 ouuma
211 692 237 730 ud
253 693 320 730 Patres
336 683 470 740 ambigeretur
486 703 569 738 qllonnln
585 692 643 731 modo
662 691 775 740 perniciosis
797 692 863 730 llanlii

85 736 176 788 consiliis
183 703 257 787 siriani
266 736 292 774 iri
301 741 373 784 posset.
382 737 456 776 tribuni
463 737 528 819 {¹²¹³ss
536 748 557 775 sa
567 735 618 776 diem
624 738 662 784 iusi
669 735 759 774 dicturos
767 736 862 784 profiten-

87 785 132 826 lun
140 781 201 829 idque
210 785 304 830 optumum
316 783 368 819 lactu
377 791 419 818 esse
429 791 464 828 pro
479 785 527 820 ant:

116 877 179 922 Poiut
187 878 215 922 da
228 878 283 922 lutto
293 893 299 921 :
310 880 402 923 llanlius
417 881 492 935 aspira
507 881 551 924 lla
559 880 658 938 royautl;
674 881 690 923 il
700 887 733 923 est
741 882 860 936 patriciam

88 939 110 984 lc
119 941 198 995 psuple
209 941 230 984 le
241 941 394 985 condemnem.

91 1050 92 1055 ’
119 1054 185 1112 Quid
196 1055 295 1104 latrum
311 1061 336 1104 et
350 1055 428 1117 plebis
437 1064 563 1105 certarnen
576 1055 690 1114 iacimus,
702 1056 768 1118 quod
779 1055 865 1104 civila-

87 1125 122 1176 tis
139 1138 194 1175 esse
208 1125 324 1174 adversus
344 1139 423 1175 unum
434 1126 580 1188 pestiferum
592 1125 669 1175 civem
686 1126 779 1174 debet?
796 1124 861 1182 Quid

87 1210 145 1246 cum
160 1194 246 1256 plebe(
254 1195 273 1257 Ι)
282 1196 444 1256 aggredimur
452 1210 518 1250 curn.
531 1209 605 1258 quem
613 1208 658 1258 per
668 1195 749 1257 ipsam
763 1196 860 1258 plebem

88 1267 168 1316 tutius
180 1267 281 1328 aggredi
301 1273 347 1322 est,
364 1273 392 1315 ut
414 1267 465 1315 suis
484 1268 535 1328 ipsc
556 1273 672 1315 oneratus
684 1265 861 1316 viribusrual'l

87 1338 157 1387 Diem
170 1337 255 1386 uicere
276 1336 299 1384 ei
317 1336 387 1386 nohis
398 1337 424 1385 in
441 1337 524 1386 animo
540 1345 594 1386 est:
609 1336 673 1387 nihil
687 1336 772 1385 minus
780 1349 861 1398 popu-

89 1417 222 1470 larequarn
233 1421 339 1468 regnum
354 1415 401 1457 est.
415 1408 494 1458 Simul
510 1409 644 1457 multitudo
657 1409 700 1456 illa
712 1422 761 1456 non
775 1422 860 1458 secum

88 1479 179 1530 certari
197 1479 314 1538 uiderim,
336 1486 403 1528 etex
418 1479 541 1528 advocatis
551 1480 649 1541 J‘udices
660 1479 717 1529 lecti
734 1486 821 1537 erunt;
834 1488 860 1531 et

88 1558 241 1599 accusatores
259 1547 289 1609 (2)
307 1549 338 1596 (le
353 1548 433 1609 plebe,
455 1548 587 1609 patricium
598 1561 670 1596 reum
684 1547 859 1603 intuebuntur.

86 1625 111 1668 et
130 1619 201 1679 regni
215 1619 310 1676 crimen
325 1618 351 1666 in
367 1617 463 1678 medi03
487 1619 551 1668 nulli
565 1619 645 1680 magis
661 1631 736 1680 quam
750 1617 860 1668 libertati

87 1689 204 1737 lavabunt
214 1703 273 1738 suae.

462 1831 479 1880 l

87 1953 143 2016 Gap.
165 1953 204 2002 26.
225 1953 311 2003 Oratio
327 1955 430 2004 Caecilii
447 1955 483 2002 ad
500 1955 631 2005 Senatores
655 1957 857 2007 TascaIanoram.

324 2024 381 2088 (etl
393 2025 432 2083 R..
443 2026 489 2074 578
501 2041 539 2075 av.
554 2027 623 2089 aa.)

109 2129 174 2172 Quum
181 2129 284 2165 Tusculani
292 2128 366 2167 Volscis
373 2129 466 2167 adversus
475 2132 570 2168 Romanos
577 2131 648 2168 arixilia
654 2130 758 2176 misissent.
767 2133 859 2171 Camillus

88 2174 182 2211 soshello
192 2174 287 2221 persenui
296 2175 363 2218 jussus
371 2177 408 2211 est.
420 2176 443 2210 at
458 2174 488 2211 illi
499 2177 572 2212 nullam
586 2176 717 2213 defensionem
734 2182 857 2223 paraverunt.

88 2217 250 2265 sednntentibns
263 2218 324 2265 portis
335 2219 395 2261 urbis,
405 2220 467 2265 togati
476 2219 552 2256 obviam
569 2220 657 2256 Romanis
670 2223 761 2264 tanquam
770 2220 830 2258 sociis
838 2226 858 2261 at

88 2262 156 2301 amicis
163 2272 285 2309 processere.
295 2265 342 2299 Turn
353 2266 422 2301 senatu
431 2272 499 2301 eorum
511 2269 584 2308 vocato,
593 2265 684 2302 Gunrillus
694 2264 721 2301 ita
730 2265 789 2302 verba
798 2264 856 2304 [ceila

114 2356 154 2400 Les
164 2359 286 2400 Tusculans
299 2365 337 2402 out
346 2359 392 2414 pris
401 2360 422 2402 lc
432 2372 510 2415 moyen
521 2359 548 2403 do
557 2361 662 2414 conJurer
672 2360 692 2403 la
702 2359 775 2402 colere
783 2360 815 2404 du
822 2359 858 2405 sl·

88 2425 126 2461 nat
139 2434 145 2472 ;
157 2421 223 2474 qu'ils
238 2421 314 2463 aillent
323 2422 378 2463 laire
388 2421 476 2465 dicider
485 2422 512 2464 de
522 2422 571 2465 leur
579 2429 631 2466 sort.

120 2534 170 2582 Soli
181 2535 269 2588 adhuc.
282 2535 421 2593 Tusculani,
432 2550 488 2584 rara
502 2551 572 2585 arma
586 2553 704 2600 verasque
712 2539 788 2596 vires,
802 2542 859 2604 qui·

89 2603 136 2653 bus
147 2604 177 2650 ab
193 2605 229 2650 ira
241 2605 409 2654 Rornanorum
423 2614 504 2654 vestra
512 2608 668 2668 tutaremini,
678 2609 815 2660 invenistis.
823 2612 860 2662 lto

115 2726 183 2768 llLlll.
196 2728 215 2768 l.
231 2726 286 2767 Cant
298 2727 361 2780 plebe
378 2740 401 2770 se
418 2735 463 2770 rat-
489 2741 514 2772 eo
526 2730 752 2785 aaarcdirnari-l.
765 2733 860 2776 Accusa-

91 2789 153 2831 tache
163 2801 191 2829 au
208 2787 290 2838 reglum
308 2790 374 2841 leiim)
386 2797 407 2831 et
419 2803 462 2832 non
490 2794 551 2834 iores
570 2800 603 2834 est
617 2793 629 2834 a
651 2794 776 2846 l'accusatil,
788 2801 810 2838 ol
822 2796 861 2839 ds-

91 2864 120 2894 au
130 2849 462 2903 sujct.L'oratcnrpouvaitdiro
490 2852 554 2905 penu,
570 2853 624 2894 ainsi
639 2865 682 2908 qus
694 2866 768 2903 reaia.
782 2854 811 2899 de
823 2856 861 2899 itt·

91 2909 229 2962 aussitouid
238 2910 403 2964 pteormstmut
410 2925 461 2953 cam
489 2914 624 2957 tartunam:
