1906 3690
301 568 338 617 ux
356 568 426 618 bllll
442 569 529 620 blano
545 569 646 621 lllllllll.
813 570 861 620 205

82 681 263 741 tuminterest,
270 685 364 739 alienos
373 685 493 748 populere
503 685 571 739 lines,
579 697 611 732 an
619 692 677 733 taos
687 684 728 734 uri
736 685 861 736 exscindi-

87 768 136 816 que
142 754 239 804 videas:
248 757 305 818 plus
311 757 387 806 animi
394 765 431 806 est
438 755 553 804 inserenti
562 756 712 817 periculum,
718 770 793 819 quam
799 771 861 819 pro·

90 825 207 886 pulsanti.
217 827 252 874 Ad
260 828 305 876 boc
311 826 391 889 major
399 829 542 888 ignotarum
548 840 632 875 rerum
644 834 683 876 est
689 833 772 877 terror
780 842 786 875 ε
795 828 860 878 bona

91 897 202 958 malaque
214 898 321 946 bostium
330 913 357 946 er
372 898 518 960 propinquo,
526 897 653 959 ingressus
661 898 733 956 fines,
743 898 860 961 aspicias.

88 967 141 1015 tlon
157 975 298 1028 speraverat
310 969 429 1017 Hannibal
446 968 500 1017 iore
513 976 542 1017 ut
556 974 592 1018 tot
606 967 713 1017 initalia
727 969 812 1031 populi
829 970 861 1018 ad

88 1052 115 1088 se
125 1038 269 1096 deficerent,
281 1046 342 1101 quot
352 1040 499 1088 deiecerunt
512 1045 567 1101 post
578 1038 732 1088 Cannensem
747 1040 860 1089 cladem:

88 1115 181 1172 quanto
193 1107 276 1158 minus
287 1109 423 1172 quidquam
434 1109 461 1158 in
472 1109 552 1158 Africa
562 1108 807 1171 Carthaginiensibus
817 1110 862 1160 fir-

89 1193 159 1228 mum
173 1186 218 1228 aut
225 1179 314 1229 stabile
325 1180 365 1236 sit,
378 1180 460 1228 infidis
474 1180 557 1237 sociis,
572 1180 690 1239 gravibus
703 1195 731 1229 ac
745 1181 862 1242 superbis

89 1250 216 1301 dominis?
225 1251 260 1298 Ad
270 1250 316 1299 boc
323 1264 375 1309 nos,
387 1251 462 1299 etiam
472 1251 563 1300 deserti
576 1252 607 1299 ab
617 1250 698 1309 sociis,
708 1251 803 1302 viribus
815 1266 862 1302 no·

89 1322 158 1378 stris,
165 1320 243 1370 milite
251 1321 360 1370 Romano
369 1323 496 1371 stetimus:
509 1322 863 1383 Carthaginiensinibilciailis

89 1393 188 1443 roboris
198 1398 235 1440 est
239 1407 246 1448 ;
256 1393 370 1441 mercede
380 1399 477 1452 paratos
486 1394 579 1441 milites
588 1393 688 1448 habent,
697 1395 768 1442 Atros
778 1393 864 1443 Humi·

90 1465 193 1524 dasque.
206 1462 329 1511 levissima
350 1464 406 1512 lidei
425 1464 550 1512 mutandae
559 1462 593 1528 (8)
607 1462 716 1525 ingenia.
731 1464 775 1512 Hic
789 1465 863 1514 modo

89 1534 156 1583 nibil
162 1546 238 1581 morae
243 1533 285 1580 sit:
292 1547 340 1582 una
350 1541 373 1580 et
383 1533 551 1594 trajecisseme
557 1533 702 1591 audietis,et
707 1534 795 1582 ardere
800 1536 864 1584 bello

90 1604 199 1654 Africam
207 1608 233 1651 et
243 1602 385 1652 molientem
401 1604 460 1653 hinc
470 1604 641 1659 Hannibalem,
656 1610 681 1651 et
689 1603 798 1652 obsideri
808 1605 864 1653 Car-

92 1675 235 1735 thaginem:
251 1672 358 1721 laetiores
369 1679 394 1721 et
402 1673 585 1735 frequentiores
596 1687 624 1721 ex
637 1673 714 1722 ll'rica
724 1681 864 1735 exspectate

91 1742 200 1800 nuntios
210 1755 284 1803 quam
302 1755 331 1790 cx
349 1743 464 1804 Hispania
481 1743 645 1802 accipiebatis.
660 1743 707 1792 llas
728 1743 791 1792 mibi
803 1757 862 1805 spes

91 1812 195 1875 subjicit
202 1812 301 1861 fortuna
313 1813 398 1873 populi
409 1813 518 1868 itomani,
526 1813 560 1861 dii
570 1813 672 1862 l'oederis
682 1817 713 1864 ab
724 1815 796 1864 hoste
804 1813 863 1864 vio·

92 1884 135 1933 lati
147 1889 230 1940 testes,
243 1884 336 1945 Syphmr
350 1890 375 1931 et
387 1882 512 1932 llasinissa
525 1896 611 1943 reges:
624 1897 731 1945 quorum
744 1896 791 1943 ego
803 1883 862 1934 fidei

91 1956 127 2003 ita
140 1953 243 2010 innitar,
255 1954 352 2002 utbcne
363 1959 431 2002 tutus
443 1969 455 2001 a
469 1953 573 2016 perfidia
581 1954 637 2002 sim.
647 1955 721 2003 Hulta
730 1968 786 2016 quae
798 1968 865 2005 nunc

92 2039 122 2074 ex
137 2022 268 2072 mtervallo
283 2037 333 2071 non
352 2021 479 2085 apparent,
493 2024 588 2072 bellum
609 2024 712 2085 aperiet.
728 2025 756 2073 ld
771 2031 809 2074 est
817 2026 866 2075 viri

91 2100 117 2144 et
128 2095 208 2153 duciS,
221 2106 270 2141 non
284 2094 368 2142 deesse
379 2095 485 2143 fortunae
501 2095 622 2156 praebenti
636 2095 792 2153 se,etoblata
805 2109 866 2146 casu

93 2165 194 2214 ilectere
211 2163 242 2211 ad
258 2162 398 2213 consilium.
410 2164 513 2217 Habebo,
529 2162 618 2218 Quinte
640 2164 706 2219 Fabi,
723 2178 808 2226 parem
820 2163 864 2229 (9),

92 2247 169 2297 quem
175 2234 228 2289 das,
234 2232 405 2290 Hannibalem3
413 2232 585 2293 sediliumego
591 2232 669 2293 polius
679 2234 784 2290 traham,
791 2247 866 2295 quant

92 2306 137 2356 ille
146 2319 187 2353 me
195 2304 309 2352 retineat.
318 2304 346 2350 ln
355 2317 400 2351 sua
410 2311 476 2352 terra
485 2317 571 2362 copam
577 2317 687 2366 pugnare
695 2317 763 2363 eum,
775 2305 867 2353 etCar·

93 2377 168 2438 thago
183 2372 282 2437 lpotius]
304 2373 433 2435 praemium
449 2373 558 2423 victoriae
576 2375 634 2432 erit,
648 2388 724 2436 quam
745 2375 866 2425 semiruta

93 2444 248 2496 Bruttiorum
262 2445 368 2493 castella.

124 2518 160 2566 lie
173 2515 234 2577 quid
248 2514 348 2563 interim
358 2514 419 2562 dum
432 2514 537 2577 trajicio.
546 2515 606 2564 dum
618 2513 867 2576 expono(10)exerci·

93 2595 148 2640 tum
162 2586 189 2634 in
206 2583 296 2640 lirica,
309 2584 369 2632 dum
389 2590 469 2633 castra
481 2586 513 2633 ad
535 2584 706 2646 Carthaginem
725 2599 865 2646 promoveo,

94 2655 232 2718 respublica
248 2655 288 2704 hic
301 2655 443 2703 detrimenti
450 2656 543 2716 capiat;
552 2658 617 2719 quod
629 2664 665 2713 tu,
676 2655 703 2711 Q.
714 2655 865 2717 Fabi,quum

94 2727 172 2777 victor
191 2733 243 2773 tota
261 2724 372 2773 volitaret
387 2725 456 2773 ltalia
473 2725 603 2784 Hannibal,
618 2725 721 2787 potuisti
732 2731 849 2787 praestare
858 2742 866 2783 ;

95 2799 142 2847 hoc
156 2795 211 2844 vide
227 2808 259 2842 ne
275 2793 479 2843 contumeliosum
495 2794 537 2853 sit,
550 2808 665 2843 concusso
684 2793 735 2853 jam
751 2800 776 2842 et
797 2808 867 2856 paene

95 2868 173 2915 lracto
187 2863 326 2922 Hannibale,
336 2877 427 2926 negare
441 2878 511 2926 posse
524 2866 549 2914 l’.
561 2864 682 2914 bicinium
690 2866 818 2914 consulem
827 2865 867 2914 ai-

95 2950 153 2986 rum
165 2935 330 2984 fortissimum
338 2942 457 2996 praestare
469 2951 476 2983 ι
488 2935 532 2998 qui
540 2935 674 2984 neasacris
684 2935 749 2985 absit
757 2936 868 3000 pontifex

96 3064 144 3108 vop.
157 3052 178 3094 le
187 3051 243 3095 rdcit
254 3051 342 3094 detaille
352 3053 379 3095 de
387 3052 465 3104 lustin,
493 3053 560 3096 force.
576 3052 604 3095 lle
621 3052 642 3095 lt
661 3052 682 3095 le
694 3051 760 3096 verbe
777 3063 869 3106 compo-

98 3113 135 3158 liv.
152 3113 196 3165 llll,
213 3115 247 3156 cb.
262 3114 306 3157 tl.
323 3138 350 3146 -
362 3113 382 3158 8.
400 3114 467 3158 Fidei
495 3128 551 3160 rore
565 3116 621 3160 dans
632 3115 657 3160 le
666 3128 721 3159 sens
734 3114 888 3170 expliqubau

98 3176 220 3227 mutandae,
240 3176 261 3219 le
277 3176 337 3229 datii,
360 3190 418 3234 pour
436 3178 469 3224 ad
496 3182 557 3227 bisc.
578 3181 653 3235 cxli.
678 3187 736 3223 uoto
756 3178 786 3220 b.
807 3196 838 3205 -
860 3170 904 3211 'ffi-

87 3237 158 3291 fidem
172 3239 319 3285 cantandam.
337 3265 364 3274 -
383 3242 405 3288 H.
420 3245 473 3291 Pur
502 3240 733 3302 Exponmemploq'e
746 3244 844 3282 comme
856 3229 919 3267 baffi

81 3298 146 3341 sedit
160 3301 211 3344 d'un
219 3307 363 3360 antagoniste
376 3307 428 3367 agal
441 3323 476 3356 en
504 3312 530 3360 lp,
542 3311 660 3357 bisoours
671 3302 788 3366 precem,
796 3289 935 3337 noted*
