1904 3216
188 77 350 159 onnrronns

99 224 124 272 in
133 227 227 274 sortem
242 229 294 270 tam
304 222 446 284 longinquae
463 221 597 283 provinciae
606 237 654 271 non

85 297 132 350 ule,
148 293 226 342 nihilo
251 291 366 343 maturius
379 294 425 342 hoe
443 306 492 354 quo
505 306 553 352 ego
569 308 655 344 censeo

78 371 123 415 ,tur
135 365 243 421 belium;
259 369 342 411 tumen
361 364 392 412 ed
407 363 555 424 dignitatern
569 365 655 426 popuii

73 449 148 496 mque
157 434 221 495 apud
231 446 302 495 reges
311 440 447 494 gentesque
460 437 657 495 externasperti-

64 525 69 554 r
81 504 261 554 defendendam
272 504 345 552 modo
360 502 465 559 Italiam,
479 504 523 552 sed
539 504 569 551 ad
587 505 655 553 inse-

57 577 141 625 tiricre
153 573 315 630 ermenderi
323 572 512 622 nobisanimurn
523 588 594 622 esse:
610 589 655 625 nec

50 646 179 708 ‚igarique
187 643 381 706 quodflennibai
391 656 467 692 ausus
482 644 523 699 sit,
531 643 656 694 neminem

43 730 146 766 enorum
158 715 265 770 audere;
276 720 301 762 et
312 714 397 777 priore
410 713 503 762 Punico
513 714 588 771 heito,
600 722 654 764 tum

35 783 656 844 :iiiecertaretuntotiesiifricarnabnostrisexer-

28 867 52 910 et
61 857 180 908 classibus
186 861 364 918 oppugnatam,
372 869 531 916 nunc‚quum
540 856 570 904 de
583 857 653 906 ltalia

21 929 126 980 Airienrn
145 932 257 990 pacatum
276 940 338 976 esse.
356 926 503 986 Requieseat
523 926 655 987 aliquando

14 999 71 1048 rdiu
83 996 260 1052 inlinuntur
268 1001 440 1057 evasteturque
448 995 553 1044 invicem
561 997 653 1055 Atrium

8 1065 166 1128 manupotius
171 1062 326 1123 carthaginis
331 1063 568 1125 portisimmineant,
579 1079 654 1126 quern

4 1158 9 1182 t
30 1133 407 1186 vallumhostiurnexmoeuihus
417 1135 652 1186 nostrisridearnus.

1 1207 102 1269 ,reliqui
115 1206 173 1255 beiti
182 1208 264 1264 sedes3
280 1206 340 1255 iliue
349 1212 432 1255 terror
441 1206 559 1268 fugaque,
574 1220 654 1269 popu-

0 1276 184 1335 ·rum,deiectio
192 1276 327 1332 sociorum,
332 1283 423 1325 ceterae
430 1276 490 1326 beili
500 1277 592 1336 clades,
599 1293 654 1340 quae

0 1362 22 1396 ·r
32 1345 229 1410 quattuordecim
249 1361 324 1396 annos
338 1347 498 1408 ingruerunt,
515 1354 651 1398 vertantur.

9 1417 175 1479 empublicam
183 1415 309 1478 pertinent
320 1423 346 1465 et
354 1416 449 1466 bellurn
460 1417 526 1478 quod
538 1417 620 1474 instat,
629 1426 652 1468 et

0 1501 21 1535 :s
33 1486 63 1535 de
77 1486 169 1548 quibus
182 1485 277 1546 agitur,
290 1485 382 1535 dixisse
395 1486 455 1535 satis
465 1494 509 1536 est.
519 1488 562 1534 illa
580 1489 653 1549 ionga

15 1558 32 1618 ),
45 1569 91 1603 nee
108 1555 139 1604 nd
156 1569 199 1604 vos
214 1555 340 1614 pertinens
354 1556 394 1615 sit,
407 1558 654 1617 si‚quemadnrodurn

0 1664 1 1669 ¹
14 1639 129 1676 measres
138 1633 217 1688 gestus
227 1628 253 1674 in
264 1626 377 1687 Hispania
385 1627 500 1683 elevavit,
509 1628 544 1676 sic
555 1626 596 1692 [et]
607 1643 652 1690 ego

8 1696 86 1745 oriam
95 1697 149 1754 ejus
162 1696 271 1753 eludere,
282 1704 394 1746 etmeam
402 1697 481 1746 verbis
489 1698 645 1746 extoliereve

1 1774 69 1815 trum
83 1766 180 1823 faciam,
196 1767 280 1815 Patres
293 1767 440 1829 Conscripti:
457 1773 489 1822 et,
501 1768 522 1815 si
540 1769 588 1816 ulta
603 1770 640 1832 (11

23 1836 117 1885 odestia
127 1843 194 1885 certe
203 1840 228 1884 et
238 1837 398 1900 temperando
411 1838 502 1897 linguae
511 1838 633 1888 adolescer

15 1921 67 1959 ero,
83 1907 117 1955 ita
128 1913 153 1954 et
168 1906 216 1954 vixi
233 1913 256 1955 et
271 1921 311 1955 res
320 1907 394 1968 gessi,
410 1916 437 1955 ut
453 1909 540 1956 tacitus
552 1923 581 1956 ea
596 1925 625 1972 op

16 1991 56 2026 em
68 1985 148 2026 restra
157 1985 242 2039 sponte
255 1984 399 2040 conceptam
413 1977 504 2027 animis
517 1979 617 2029 haberet

0 2054 91 2097 ttentus
104 2061 192 2097 essern.

0 2190 5 2209 r
27 2170 113 2221 oratio,
123 2181 146 2211 se
160 2169 192 2211 dit
208 2175 256 2210 tou·
282 2171 293 2210 1
308 2181 345 2211 vos
355 2168 453 2220 intersis,
464 2171 482 2212 si
490 2170 513 2225 J'e
524 2171 599 2215 roulai

1 2247 14 2278 s
24 2247 52 2277 ou
63 2233 142 2282 moins,
157 2243 184 2273 en
194 2243 256 2273 meu·
282 2230 392 2285 Euadne,
411 2234 487 2275 cei-d.
515 2234 593 2276 canili·

7 2295 50 2338 .La
62 2294 209 2338 construction
224 2298 256 2334 est
283 2293 381 2336 eierare.
394 2294 460 2336 -12
470 2295 494 2337 Si
503 2296 584 2337 allani

0 2358 44 2399 lla
56 2355 134 2400 oratio
143 2355 173 2397 sit
187 2355 256 2410 ionpa
283 2356 345 2408 leeon
355 2357 393 2399 des
401 2370 452 2400 mss.
460 2358 578 2400 Lesirlitior

1 2435 15 2462 rs
21 2419 184 2475 pertinenssce
191 2419 257 2460 serait
284 2424 337 2468 tent,
348 2431 400 2460 eree
410 2432 452 2461 une
463 2432 546 2460 nuaucu
565 2433 575 2460 ι·

1 2487 59 2535 ttrop
67 2481 119 2534 long
127 2487 149 2522 et
157 2479 258 2534 itrnrrger
284 2480 408 2533 differente,
427 2481 448 2523 si
463 2494 528 2523 nutu
549 2494 563 2522 α
