1904 3216
22 230 48 242 ,‚
88 165 136 216 eoo
224 223 226 230 ,
394 162 552 214 Oltlllolllis

89 281 137 334 Sed
150 280 308 331 Macedonum
325 279 399 336 acies,
415 286 484 328 torva
498 291 557 327 sane
565 283 590 328 et
602 277 706 336 inculta,
717 278 806 342 clipeis
816 279 863 330 ba-

88 355 184 417 stisque
193 351 332 400 immobiles
340 363 432 399 cuneos
443 354 468 398 et
476 349 587 397 conferta
600 349 691 397 robora
701 348 815 400 eborum
824 357 863 402 te-

90 425 142 486 git:
157 423 206 486 ipsi
216 421 369 486 pbalaupcm
379 423 475 476 vocant,
486 418 597 481 peditum
608 419 695 468 stabile
703 432 810 481 agmen:
821 422 864 471 vir

89 494 153 551 viro,
166 492 243 541 armis
253 504 322 540 arma
334 494 446 538 conserta
456 494 526 545 sunt;
541 488 572 536 ad
581 495 672 542 nutura
684 492 810 542 mouentis
822 493 863 543 in-

90 565 161 622 tenti,
172 563 244 624 sequi
258 562 339 623 signa,
350 558 450 608 ordines
458 571 559 607 servare
571 557 690 609 didicere.
702 559 772 617 Quod
781 562 864 627 impe-

90 643 169 693 ratur,
185 646 271 683 omnes
284 629 419 681 exaudiunt
436 644 442 675 ε
461 628 589 687 obsistere,
606 629 748 690 circumire,
763 632 878 690 discum>

90 720 147 756 rere
164 705 190 752 in
205 716 291 759 cornu,
306 705 404 749 mutare
414 712 524 762 pugnam
541 712 591 747 non
604 699 680 751 duces
693 703 773 764 magis
784 719 864 768 quam

89 774 184 823 milites
199 771 230 835 (l)
247 771 342 820 callent·
358 769 390 817 dc
405 783 437 817 ne
449 768 506 817 auri
520 768 667 832 argentique
684 770 767 822 studio
780 777 862 830 teneri

91 850 162 906 putes
176 859 182 890 z
194 842 274 891 adbuc
290 840 334 889 illa
349 839 481 901 disciplina
494 845 638 902 paupertate
650 841 769 904 magistra
781 847 855 898 stetit

91 913 211 974 Fatigatis
228 912 320 960 humus
337 909 420 958 cubile
432 916 470 959 est
485 926 490 957 :
506 909 586 968 cibus,
601 924 675 971 quem
686 915 801 976 occupati
819 931 864 980 pa-

92 991 150 1034 rant
164 983 207 1048 (2),
220 983 293 1032 satiat
309 996 315 1029 :
339 987 450 1043 tempora
467 981 547 1030 somni
567 982 674 1031 arctiora
690 996 765 1045 quam
781 989 865 1040 noctis

91 1062 158 1104 sunt.
172 1055 228 1103 lam
246 1051 352 1102 Thessali
373 1051 467 1114 equites
480 1058 505 1100 et
518 1051 656 1102 Acarnanes
670 1053 803 1117 AEtoliqua
823 1059 864 1110 in-

96 1125 162 1174 victa
176 1124 242 1174 bello
254 1135 351 1180 manus,
366 1121 460 1178 fundis,
475 1121 548 1170 credo
560 1121 602 1184 (5),
614 1129 639 1171 et
653 1123 731 1173 hastis
743 1125 804 1188 igne
816 1129 864 1180 du.

92 1195 156 1246 ratis
170 1195 322 1257 repellentur
341 1208 348 1240 z
365 1192 420 1254 pari
435 1192 524 1241 robore
540 1205 602 1254 opus
617 1199 663 1242 est.
679 1184 708 1243 ln
721 1195 767 1245 illa
782 1202 862 1257 terra,

44 1305 45 1308 ,
91 1279 148 1328 quae
157 1265 203 1313 hos
212 1262 309 1326 genuit,
321 1261 412 1310 auxilia
420 1261 552 1323 quaerenda
562 1267 636 1311 sunt:
651 1270 784 1326 argeutum
793 1268 864 1322 istud

14 1341 16 1345 ’
89 1342 164 1398 atque
173 1347 263 1383 aurum
279 1333 309 1381 ad
322 1331 509 1382 conducendum
525 1331 632 1390 militem
644 1332 724 1383 mitte.

464 1541 488 1590 ll

150 1687 208 1750 (lap.
222 1687 245 1734 5.
260 1683 336 1733 l'erba
350 1681 501 1738 charidemi,
517 1697 592 1746 quum
600 1682 635 1732 ad
642 1682 800 1748 supplicium

405 1752 544 1801 duceretur.
838 1756 841 1762 '

118 1895 195 1948 Darius.
202 1894 293 1934 veritatis
302 1893 413 1941 impatiens,
420 1890 556 1943 cbaridomum
565 1889 655 1942 abstrahi
660 1889 721 1938 justit
736 1892 761 1931 ad
776 1895 866 1947 capitale

88 1942 223 2024 bsaffilicmm'
244 1940 286 1984 ille,
303 1949 328 1975 ne
345 1942 386 1976 lum
403 1936 482 1986 quidem
497 1932 597 1973 libertatis
612 1935 689 1980 oblitus,
703 1936 746 1974 uec
766 1941 866 1981 vocalem-

122 2083 202 2130 llabeo
214 2087 328 2143 paratum
343 2077 433 2128 mortis
448 2091 510 2126 meae
526 2078 633 2128 ultorem
638 2094 646 2136 ς
663 2084 762 2140 expetet
776 2095 864 2143 poeuas

91 2152 141 2201 mei
160 2150 257 2200 consilii
271 2148 348 2212 spreti
362 2148 385 2197 is
402 2147 463 2210 ipse,
481 2154 652 2211 contraquam
667 2148 714 2197 tibi
727 2151 807 2200 suasi.
828 2153 862 2202 l'u

91 2222 202 2284 quidem,
218 2220 318 2269 licentia
335 2217 408 2279 regni
425 2223 475 2266 tam
492 2218 574 2267 subito
590 2223 706 2276 mutatus,
724 2217 863 2271 documen-

89 2298 144 2342 tum
159 2290 211 2340 eris
223 2289 339 2352 posteris,
355 2287 477 2343 homines,
494 2301 571 2350 quum
586 2301 616 2338 se
628 2286 765 2351 permisere
779 2289 863 2342 fortu-

88 2375 137 2421 nae,
150 2362 225 2411 etiam
234 2367 348 2410 naturam
359 2357 496 2407 dediscere.

115 2503 298 2548 1.1.lloudocec
306 2501 380 2558 inopis
390 2513 460 2557 quam
486 2513 542 2544 vaux
559 2501 685 2556 militaires,
697 2502 725 2545 ils
742 2503 861 2560 preparent

88 2566 187 2616 milites,
206 2564 351 2615 dest-beline,
371 2563 460 2606 milites
487 2561 670 2606 lcurnourriture
680 2576 765 2607 comme
780 2578 813 2610 un
823 2579 853 2610 ιο

88 2640 152 2684 eque
177 2640 205 2671 ae
227 2627 303 2671 duces.
329 2626 395 2681 lopez
420 2637 459 2668 nos
487 2626 589 2675 cessone,
609 2638 636 2668 eu
663 2631 757 2680 passout.
785 2650 815 2661 -
835 2628 855 2676 ὅ

88 2697 152 2732 notes
178 2701 217 2732 sur
243 2686 355 2730 Corudlius
378 2685 459 2741 nepos.
487 2685 558 2730 Credo
575 2688 664 2742 indique
681 2687 767 2732 l'irouie
786 2696 857 2735 coute-

89 2761 110 2803 p.
125 2749 145 2792 6.
162 2761 184 2791 u.
201 2750 221 2792 2.
232 2772 259 2780 -
273 2749 293 2791 2.
312 2748 381 2799 Quem
394 2758 460 2789 occu·
486 2748 623 2791 nuedansla
635 2750 860 2803 phrasa,c01n1ueeu

82 2810 140 2866 pati
147 2815 238 2869 paraui
251 2825 258 2853 :
268 2808 360 2866 occupes
369 2810 407 2853 dos
416 2815 460 2853 tra·
486 2810 580 2864 srauqais
590 2823 658 2853 «saus
670 2811 738 2856 doute
748 2827 770 2859 ι,
