1904 3216
334 168 371 217 EX
387 167 457 218 mvn
473 169 562 219 trono
578 168 660 222 xm.
840 171 871 220 tu

114 282 181 338 dem,
196 284 340 343 voraginem
352 290 435 333 tumen
449 282 480 351 (5)
491 284 609 346 patientia
619 291 705 336 nostra
718 287 884 346 expleremus;

113 365 182 402 nunc
190 366 276 402 omues
286 354 444 402 centuriones
455 355 598 417 militesque
608 363 702 405 vestros
712 358 781 420 (adeo
790 357 815 404 in
826 371 887 420 pro-

113 422 212 472 miscuo
228 423 353 471 licentiam
372 431 445 487 atque
460 425 645 487 improbitatem
663 440 716 475 esse
730 427 818 488 voluit)
836 426 889 476 Ple·

113 492 205 542 minios
215 494 275 542 lecit
289 508 294 539 :
311 507 395 542 onmes
405 495 516 556 rapiunt,
528 497 791 557 spoliantverherant,
799 498 889 546 ruine-

115 565 320 621 rant‚occidunt;
333 567 383 615 vim
394 567 642 624 inieruntmatronis.
648 568 758 630 virgines
767 569 889 630 ingenuas

115 635 221 697 rapiunt
236 651 264 685 ex
282 639 408 698 complexu
425 644 564 697 parentum.
581 639 695 696 Quotidie
711 639 810 702 cupitur
827 641 891 690 urbs

114 706 473 769 nostra‚quotidiedi1·ipitur;
490 708 543 756 dies
553 715 687 771 noctesque
702 709 786 757 omnia
794 708 889 770 passim

114 776 252 825 mulierum
260 775 444 838 virginumque,
453 791 509 839 qune
519 777 653 839 rapiuntur
660 784 734 840 atque
743 780 890 841 ampurien-

99 848 103 856 '
115 853 168 905 tur,
175 847 312 910 ploratibus
324 854 419 896 sonant.
427 848 528 897 llirelur
538 848 581 910 qui
593 848 654 897 sciat
663 849 837 911 quomodoaut
845 861 891 898 nos

115 918 149 968 ad
166 919 311 980 patiendum
330 918 492 973 sufficiamus,
509 925 552 966 aut
569 918 626 967 illos
643 919 688 980 qui
707 919 809 975 iaciunt,
825 932 890 968 nou·

115 987 176 1036 dum
200 994 325 1035 maurum
343 987 494 1046 injuriarum
511 986 611 1036 sutielas
626 987 729 1048 ceperit.
746 987 828 1049 licque
843 999 892 1050 ego

116 1055 217 1119 exsequi
230 1069 340 1118 possum,
353 1069 399 1104 nec
412 1056 479 1104 robis
493 1068 575 1117 operae
583 1063 620 1105 est
629 1057 717 1104 audire
726 1057 825 1116 singula
834 1070 890 1119 quta

115 1126 184 1192 passi
200 1140 288 1176 sumus
303 1143 310 1174 ε
326 1127 490 1176 communiter
512 1127 594 1175 omnia
613 1127 748 1188 amplectar
766 1127 799 1189 (d)
823 1127 893 1189 Nego

116 1198 218 1248 domum
233 1198 310 1247 ullam
323 1198 414 1255 Locris,
426 1211 491 1258 nego
504 1212 647 1261 quenquam
659 1198 787 1246 hominum
799 1212 890 1256 exper-

115 1277 169 1319 tem
182 1268 282 1331 injurie
292 1284 345 1318 esse
358 1285 365 1325 ;
382 1282 446 1329 nego
457 1268 539 1317 ullum
548 1283 628 1331 genus
639 1269 751 1329 sceleris,
765 1267 889 1325 libidinis,

116 1340 229 1391 avaritiae
242 1354 381 1402 superesse,
392 1339 458 1402 qnod
471 1340 498 1388 in
509 1340 569 1395 ullo,
580 1339 623 1402 qui
638 1339 690 1402 pati
701 1339 892 1401 potueritque-

115 1411 261 1461 tennissnm
271 1411 312 1460 sit.
327 1410 369 1458 lix
382 1410 448 1459 ratio
463 1409 521 1458 iniri
535 1415 624 1471 potest,
635 1417 771 1459 ulercasus
781 1409 892 1458 civitatis

117 1481 153 1531 sit
170 1480 347 1538 detestabilior,
364 1494 442 1542 quum
459 1480 541 1528 hostes
561 1479 627 1528 bello
643 1480 729 1528 urbem
746 1492 843 1541 cepere,
857 1493 892 1529 au

117 1563 198 1615 quum
218 1549 351 1599 exitiabilis
372 1555 492 1610 tyrannus
518 1547 543 1597 ui
566 1552 640 1610 atque
661 1548 739 1597 armis
758 1549 890 1609 oppressit.

117 1619 206 1671 omnia
216 1633 272 1681 qnae
281 1625 357 1681 captae
366 1618 657 1681 urhesputiuntur‚passi
673 1632 769 1674 sumus,
778 1625 803 1668 et
811 1632 889 1680 quum

117 1690 227 1739 maxime
244 1689 360 1751 patimur,
372 1690 454 1738 Patres
472 1690 625 1751 Conscripti:
638 1690 720 1739 omnia
735 1703 791 1752 quae
805 1690 892 1739 crude·

117 1758 208 1809 lissimi
218 1767 292 1821 atque
304 1760 510 1820 importunissimi
518 1760 617 1822 tyranni
624 1763 717 1809 scelera
727 1761 753 1809 in
761 1772 890 1821 oppressos

117 1832 186 1880 cives
201 1832 287 1886 odunt,
297 1831 431 1880 Pleminius
445 1832 471 1880 in
484 1846 528 1881 nos
537 1833 678 1896 liberosque
687 1839 784 1881 nostros
797 1837 821 1878 et
831 1843 891 1880 con·

114 1902 190 1964 juges
206 1902 292 1950 edidit.

150 1971 231 2021 llnum
244 1978 290 2030 est,
302 1972 391 2035 dequo
401 1973 550 2023 nominatim
564 1980 588 2023 et
602 1989 648 2024 nos
663 1974 736 2037 queri
746 1971 836 2033 religio
849 1970 891 2017 in·

117 2041 166 2090 fixa
178 2041 267 2091 animis
280 2046 360 2102 cogat,
366 2049 391 2090 et
397 2057 438 2090 vos
449 2043 536 2093 audire
544 2049 570 2092 et
579 2044 704 2093 exsolvere
711 2039 890 2103 rempublicam

117 2118 228 2161 vestram
243 2112 373 2173 religione,
381 2112 402 2160 si
415 2112 527 2161 itavrobis
536 2114 671 2170 videbitur,
682 2113 796 2169 uelimus,
808 2113 890 2157 l'utres

119 2181 265 2242 Conscripti.
279 2182 389 2230 Vidimus
408 2183 549 2231 enimcum
568 2191 662 2246 quanta
679 2180 819 2231 ceremonia
840 2188 891 2226 nou

124 2259 214 2301 vestros
228 2254 308 2301 solum
321 2252 407 2301 colatis
422 2254 489 2310 deos,
502 2253 545 2302 sed
559 2255 634 2302 etium
653 2261 768 2303 externos
783 2249 890 2311 accipia-

130 2322 150 2367 is
165 2321 210 2383 tl).
220 2321 313 2370 Fanum
324 2328 362 2370 est
372 2324 438 2383 apud
451 2336 495 2371 nos
507 2323 667 2386 l‘roserpinae‚
679 2324 710 2372 de
718 2322 789 2383 cujus
798 2318 893 2369 suncti-

150 2517 237 2572 arp'lnle.
255 2518 405 2560 —5.Tnmen
419 2531 442 2559 se
460 2519 488 2559 lio
516 2518 616 2574 plectar,
643 2531 690 2575 qur.
711 2517 831 2569 d'ailleurs,
857 2525 893 2561 est

156 2579 223 2623 verbu
234 2584 309 2622 elnon
320 2581 332 2621 l
346 2580 487 2634 uorupinem.
518 2577 689 2621 trisusildduus
697 2578 718 2621 le
725 2591 775 2621 sens
782 2578 845 2632 exige
852 2579 890 2621 ici.

158 2654 192 2694 nc,
207 2640 268 2696 place
282 2642 345 2696 apres
354 2654 398 2685 uue
410 2643 487 2696 phrase
517 2639 590 2684 l'idee
602 2641 629 2683 de
646 2653 700 2684 cun
717 2646 750 2684 ost
768 2641 816 2695 dipl
832 2652 893 2684 oom-

174 2705 271 2758 expr'uue
286 2715 329 2745 une
344 2704 488 2757 supposition,
518 2704 578 2757 prise
588 2703 812 2746 danscommttttiler.
830 2727 857 2736 -
869 2702 889 2745 7.

168 2777 219 2808 tuoe
227 2777 271 2819 qua
286 2764 379 2818 lexposo
387 2764 414 2806 de
430 2763 490 2807 l'dtat
519 2763 897 2821 Sedetlumeeternoauccipiutls‚

180 2826 219 2870 des
234 2826 311 2868 choses
322 2839 348 2868 ra
364 2826 445 2868 suivra.
463 2848 490 2857 -
519 2826 657 2872 cellaauuee
670 2827 855 2871 memelull’eua
869 2823 914 2865 des

180 2885 297 2942 „plectam
321 2892 344 2930 et
363 2898 410 2931 uon
430 2899 492 2933 com·
518 2888 833 2947 uieux,1tuterluso‚ue
843 2882 929 2926 isset·
