1904 3216
137 173 183 222 tto
438 171 600 224 anamodus

169 287 215 337 Sed
232 300 310 350 equos
327 287 460 350 Antiphani
472 301 522 336 nou
539 286 666 338 dedimus!
678 292 703 336 et
720 286 813 350 pridie,
831 302 914 352 quarn

136 355 246 408 Philotas
263 357 373 405 detectus
384 361 421 404 est
435 355 478 419 (5).
495 356 549 405 haec
564 355 629 405 mihi
646 369 704 406 cum
716 355 857 420 Antiphane
867 375 914 410 res

137 429 203 489 erati
215 427 259 490 qui
271 426 292 474 si
302 439 347 475 nos
356 432 483 488 suspectos
492 426 573 476 iacere
583 426 643 484 vult.
653 427 720 489 quod
728 426 772 477 illo
780 427 822 477 die
830 442 915 492 equos

137 510 189 547 non
207 496 357 555 dederimus,
378 497 549 559 semetipsum,
568 496 635 560 quod
652 510 695 546 eos
716 496 912 557 desideraverit,

137 581 246 630 purgare
257 580 308 616 non
318 568 417 629 poterit.
432 569 528 631 Auceps
546 567 615 616 enim
628 567 725 617 crimen
736 573 774 617 est
788 567 858 618 inter
870 584 915 620 re·

137 638 258 686 tinentem
276 643 301 687 et
323 637 482 699 exigentem:
505 637 555 686 nisi
573 638 640 700 quod
661 637 753 686 melior
777 644 815 688 est
832 653 913 692 causa

137 721 211 757 suum
221 721 272 757 non
282 709 412 768 tradentis,
427 722 502 770 quam
514 707 638 771 poscentis
650 708 767 757 alienum.
780 709 911 770 Ceterum,

138 780 195 836 Rex,
216 791 293 842 equos
314 778 397 827 decem
418 778 531 840 habui,e
548 779 606 841 quis
622 779 772 841 Antiphanes
783 785 839 830 octo
854 780 912 844 iam

137 849 300 899 distribuerat
310 849 351 898 his
366 848 411 912 qui
426 849 563 898 amiserant
573 861 639 898 suos.
658 847 765 899 Omnino
778 850 842 900 duos
852 852 913 916 ipse

138 919 275 969 habebam:
288 931 350 981 quos
364 932 442 980 quum
453 918 526 967 vellet
539 919 661 968 abducere
672 918 746 967 homo
756 920 912 982 superbissi-

137 1003 202 1046 mus,
219 994 286 1038 certe
296 989 478 1051 iniquissimus,
496 989 545 1037 nisi
554 988 629 1052 pedes
640 987 854 1047 militarerellem,
868 1006 913 1042 re-

138 1060 218 1110 tinere
227 1060 341 1122 cogebar.
353 1059 400 1108 h'ec
409 1058 500 1107 infitias
510 1073 548 1115 eo,
560 1057 633 1107 liberi
645 1057 753 1108 hominis
768 1059 853 1110 animo
869 1063 911 1112 lo·

138 1135 224 1177 cutum
233 1143 286 1178 esse
294 1142 334 1178 me
344 1142 402 1177 cum
411 1127 571 1190 ignavissimo
580 1127 614 1191 (6)
626 1133 651 1177 et
658 1128 705 1177 hoc
718 1141 797 1177 unum
806 1129 910 1183 militiae

138 1213 189 1249 suae
197 1205 341 1262 usurpante,
351 1204 382 1248 ut
398 1199 490 1247 alienos
508 1212 586 1260 equos
600 1198 749 1260 pugnaturis
760 1199 907 1257 distribuat.

137 1270 191 1320 liuc
201 1270 270 1318 enim
281 1269 405 1318 malorum
424 1274 525 1318 ventum
545 1274 590 1325 est,
605 1273 633 1317 ut
651 1269 726 1318 verba
744 1283 797 1319 mea
818 1272 909 1325 eodem

137 1349 251 1406 tempore
259 1347 285 1391 et
294 1341 428 1390 Alexandro
440 1353 554 1390 excusem
563 1345 588 1388 et
598 1339 741 1402 Antiphani.

168 1414 206 1469 ht,
218 1414 328 1472 hercule,
343 1417 423 1461 mater
433 1411 466 1474 (7)
477 1411 507 1460 de
519 1409 589 1459 nobis
599 1409 712 1460 inimicis
723 1409 774 1461 tuis
785 1413 907 1477 scripsit!

136 1485 275 1535 -Utinam
284 1483 431 1546 prudentius
440 1488 503 1531 esset
512 1480 617 1530 sollicita
625 1494 671 1542 pro
682 1480 742 1539 filio,
757 1488 783 1532 ot
795 1485 909 1538 nonina·

137 1571 181 1607 nes
193 1570 290 1619 quoque
306 1554 399 1616 species
412 1554 486 1604 anxio
504 1553 586 1602 animo
597 1554 731 1614 figuraret!
745 1554 827 1613 Quare
837 1558 909 1608 euim

137 1643 186 1678 non
203 1627 307 1677 ascribit
324 1632 404 1676 metus
425 1625 464 1674 sui
482 1623 600 1673 causam?
615 1623 723 1687 denique
733 1638 782 1675 non
796 1628 909 1679 ostendit

137 1696 281 1749 auctorem?
299 1696 352 1754 Quo
366 1697 431 1746 facto
444 1696 539 1744 dictove
556 1700 639 1744 nostro
651 1699 719 1745 mota
729 1700 780 1744 tam
793 1697 908 1760 trepidas

136 1770 184 1819 tibi
196 1770 290 1819 litteras
298 1767 417 1830 scripsit'i

168 1840 311 1890 Omiseram
324 1836 491 1888 conditionem
508 1848 599 1893 meam,
614 1834 673 1897 quia
684 1835 790 1885 forsitan
800 1850 851 1886 uon
863 1853 908 1902 pe-

136 1911 270 1960 riculosius
283 1917 322 1961 ost
338 1916 429 1965 meere,
441 1920 515 1969 quam
530 1905 627 1955 diceret
640 1906 682 1955 sed
697 1911 836 1970 utcumque
851 1923 906 1960 ces-

137 1995 195 2032 sura
206 1996 247 2030 res
263 1987 310 2037 est,
328 1979 392 2028 malo
405 1977 451 2027 tihi
472 1973 643 2025 defensionem
661 1989 740 2026 meam
760 1975 906 2039 displicere.

135 2158 157 2202 5.
172 2154 384 2201 Philotosdetectus
399 2152 439 2202 est,
456 2149 506 2193 hra-
532 2146 718 2201 «Antiphanesde
727 2148 791 2203 equis
804 2160 850 2192 non
859 2157 907 2194 tra·

136 2218 233 2274 chyiogic
258 2228 313 2271 pour
330 2214 426 2259 Philota·
445 2212 506 2266 faci·
535 2207 616 2257 «ditis.
635 2213 657 2250 ct
672 2208 763 2263 adjectis
780 2209 848 2252 etiam
866 2224 906 2256 su·

136 2272 506 2322 nusdetectumeat.Voicilericit
533 2269 619 2324 «perbe
638 2271 718 2320 minis,
737 2270 827 2316 indicat.
846 2287 857 2310 ι
877 2297 907 2308 -

135 2340 165 2384 du
179 2341 219 2383 init
235 2339 288 2383 dont
303 2338 319 2381 il
337 2337 400 2392 s'agit
412 2335 503 2391 (οἰκῆι
531 2332 552 2376 b.
572 2331 725 2386 ionarissimo
743 2345 752 2375 .·
772 2333 904 2389 Antiphane,

137 2403 227 2452 «Quum
262 2399 406 2456 Antiphanes,
433 2397 504 2440 scriba
533 2391 905 2446 ‹scribedeirrcavalerie»‚tmit

137 2465 262 2520 «equitum,
276 2461 505 2518 hmpntmdenuutias·
531 2467 562 2496 1111
573 2453 661 2497 homme
681 2454 708 2498 de
726 2455 810 2500 bureau
829 2459 904 2510 parmi

137 2533 188 2569 «set
197 2525 267 2581 pridie
277 2536 342 2578 quam
353 2523 505 2566 philomene-
531 2515 569 2558 des
577 2527 630 2569 gens
638 2515 665 2559 de
673 2529 767 2569 guerre:
782 2518 904 2563 deiicettc

138 2606 147 2624 r
156 2588 190 2629 lus
199 2586 358 2640 deprehensum
369 2589 504 2634 esset‚ute1
531 2576 586 2619 duro
603 2577 760 2631 nunlihmrien.
773 2602 800 2611 -
815 2581 835 2623 ’1.
855 2581 904 2625 aa·

138 2648 202 2690 «suis
216 2647 349 2701 equismore
361 2644 424 2688 solito
442 2644 504 2686 daret
531 2640 575 2688 ier,
590 2637 706 2693 Olympias.
725 2640 768 2683 Son
785 2641 904 2688 animositd

139 2709 190 2752 «his
206 2708 245 2762 qui
262 2708 393 2756 amisissent,
409 2704 503 2761 superbe
530 2706 605 2742 conire
617 2705 651 2742 cei
660 2701 703 2743 ami
722 2701 749 2744 da
765 2700 861 2746 Philotas
879 2717 903 2749 se

138 2769 302 2824 «respondisse.
311 2768 356 2811 Nisi
369 2767 455 2821 incepto
466 2765 505 2808 de-
530 2762 648 2816 comprend
666 2762 729 2818 apris
747 2775 773 2806 ce
788 2765 827 2818 qui
841 2777 853 2806 a
867 2765 904 2810 ita

138 2830 251 2880 «sisteret,
261 2829 320 2871 tueri
333 2827 504 2880 sciturumquis
531 2820 563 2862 (lit
574 2833 601 2864 8¹1
616 2822 671 2865 Disc-
687 2821 737 2874 XVI.
753 2830 805 2867 uoto
814 2824 830 2868 4
840 2832 862 2868 et
878 2827 900 2872 fa

134 2891 286 2950 «ipsaemet.
299 2888 418 2935 Productus
424 2888 503 2930 deinde
530 2883 630 2940 amyntas
640 2896 667 2927 va
680 2883 793 2929 lui-mame
805 2887 904 2943 signator
