1904 3216
274 207 310 256 EX
326 207 472 257 sltuusru
492 206 648 257 induerim.
794 209 840 258 375

69 336 128 373 cum
139 323 186 386 (18)
199 325 286 374 babeo.
298 327 356 382 Quae
366 324 429 373 mihi
437 323 507 372 lubet
516 322 638 381 confiteri,
648 323 758 381 Quirites
766 339 773 382 ;
782 338 840 375 nam

70 407 100 442 ex
114 401 217 456 parente
233 408 288 443 meo
297 403 321 444 et
331 409 360 443 ex
368 393 520 443 aliissanctis
529 393 590 441 viris
597 393 632 442 ita
641 393 732 455 accepi,
742 392 841 442 mundi·

69 465 117 513 tias
126 462 173 528 (19)
180 465 335 521 mulieribus,
344 465 405 513 viris
413 465 522 514 laborem
529 463 841 527 convenire,omnibusque

69 538 141 588 bonis
149 548 264 601 oportere
272 543 329 603 plus
340 540 428 602 gloriae
438 551 513 601 quam
525 538 667 588 dinitiarum
677 551 746 596 esse;
762 552 839 595 arma,

70 608 251 670 supellectilem
269 612 353 660 decori
365 623 427 659 esse.
444 608 509 666 Quin
525 622 584 671 ergo
602 609 669 671 quod
680 608 759 671 juvat,
774 610 842 672 quod

70 691 157 728 carum
170 685 315 736 aestumant,
328 679 354 728 id
363 692 460 740 semper
471 678 577 734 fecicum
589 685 682 736 ament,
691 684 787 741 potent,
799 679 842 729 ubi

69 747 388 806 adulescentiambabuere,
393 750 429 798 ibi
434 755 585 799 senectutem
592 749 841 810 agantinconuiriis,

68 817 235 870 deditiventri
242 826 268 871 et
276 821 438 884 turpissume
445 821 508 883 parti
519 821 630 883 corporis
635 838 643 880 ;
652 820 777 881 sudorem,
787 821 843 884 pul·

70 901 154 938 rerem
169 894 194 938 et
203 890 252 938 alia
265 890 325 938 talia
336 890 480 952 relinquant
486 888 567 947 nobis,
574 891 666 952 quibus
675 890 842 953 illaepulisjo-

70 960 188 1011 cundiora
200 968 267 1011 sunt.
278 961 421 1010 lerumnon
433 961 519 1009 estita.
531 962 590 1009 llam
601 961 678 1009 ubise
688 961 790 1024 flagitiis
798 960 843 1012 de·

69 1030 217 1081 decoravere
236 1032 385 1095 turpissumi
398 1030 455 1091 viri,
474 1030 596 1080 bonorum
611 1031 715 1094 praemia
729 1038 842 1095 ereptum

69 1106 140 1152 eunt.
151 1103 188 1152 lta
196 1101 370 1165 iniustissume
376 1101 477 1151 luxuria
484 1107 509 1150 et
521 1101 628 1163 ignaria,
637 1109 841 1164 pessumaeartes,

69 1171 128 1231 illis,
142 1172 187 1236 qui
196 1173 296 1223 coluere
307 1185 359 1235 eas,
372 1172 435 1222 nibil
449 1173 571 1234 officiunt,
587 1172 731 1236 reipublicae
738 1174 842 1224 innoxiae

70 1241 135 1292 cladi
146 1248 216 1292 sunt.

101 1312 180 1370 liunc,
193 1313 310 1375 quoniam
317 1312 377 1370 illis,
387 1319 510 1375 quantum
520 1325 604 1363 mores
614 1312 673 1370 mei,
686 1325 735 1363 non
741 1313 843 1364 illorum

68 1379 162 1442 flagitia
173 1384 314 1445 poscebant,
328 1382 455 1444 respondi,
465 1395 544 1444 pauca
559 1381 590 1430 de
604 1381 735 1444 republica
744 1382 841 1446 loquar.

69 1451 184 1502 Primum
204 1453 318 1503 omnium
331 1453 363 1502 de
380 1453 496 1502 Numidia
508 1454 600 1502 bonum
612 1452 701 1502 habete
721 1453 841 1511 animum,

71 1521 194 1582 Quiritem
204 1537 262 1572 nam
269 1537 323 1586 que
332 1523 363 1572 ad
373 1523 420 1572 hoc
429 1523 547 1585 tempusl
550 1523 685 1584 ugurtbam
690 1529 770 1572 tutata
775 1532 842 1589 sunt,

70 1594 154 1643 omnia
169 1595 317 1654 removistis,
341 1593 480 1651 avaritiam,
498 1593 650 1657 imperitiam
663 1598 738 1656 atque
754 1607 844 1657 super-

70 1663 139 1712 biam
150 1663 210 1729 (20).
221 1665 314 1714 Deinde
327 1664 453 1714 exercitus
463 1664 497 1713 ibi
507 1671 553 1720 est,
568 1665 680 1713 locorum
690 1663 781 1723 sciens,
791 1666 842 1726 sed,

71 1736 222 1793 mehercule,
234 1737 312 1798 magis
320 1743 439 1785 strenuus
449 1748 524 1798 quam
534 1736 608 1793 felin
623 1748 680 1783 nam
689 1747 778 1797 magna
788 1749 844 1799 pars

72 1882 107 1927 l&
117 1881 175 1924 Pour
187 1893 284 1937 coquum
294 1890 317 1925 et
331 1883 446 1926 uillicum.
475 1885 564 1940 «epulis
581 1899 586 1925 :
604 1883 674 1939 epulae
690 1897 778 1940 quoque
793 1885 845 1939 ipsae

72 1944 104 1989 On
115 1951 217 1988 trouvera
231 1944 375 2000 l'explication
382 1946 409 1989 de
422 1958 447 1988 ce
475 1953 516 1988 net
525 1958 577 1988 cura
587 1952 610 1989 et
619 1952 709 2000 sumptu
718 1945 799 1998 maiore
809 1958 847 1999 ap-

73 2019 163 2062 passago
173 2007 256 2050 dansle
266 2007 352 2050 tableau
359 2007 448 2050 suivant
476 2008 566 2064 «parari
583 2016 675 2064 carptae:
692 2012 739 2049 tum
757 2019 845 2062 coquus.

74 2068 105 2112 du
121 2068 170 2110 luxa
184 2069 268 2110 romain
282 2081 325 2125 qne
339 2068 446 2112 l’ite·l.ire
475 2069 624 2112 «vilissimum
646 2068 743 2122 antiquis
765 2069 847 2110 manci·

74 2129 154 2179 doune,
166 2129 178 2171 d
193 2129 279 2173 l'annee
294 2130 332 2174 187
343 2143 375 2173 av.
385 2130 446 2181 l.-G.,
476 2134 555 2186 «pium
571 2138 594 2174 nt
610 2131 753 2175 maturatione
763 2136 786 2173 et
796 2143 846 2179 usu,

74 2190 449 2247 quatrevingtsansavautcedis·
476 2194 517 2235 «in
527 2195 596 2247 pretio
618 2190 792 2246 esac;et,quod
806 2192 849 2233 mi·

74 2251 238 2306 courslllellll.
247 2252 310 2306 abb)
322 2252 449 2295 :aluxuria
477 2254 612 2297 «nisterium
628 2253 708 2301 luerat,
719 2265 755 2296 ars
771 2252 847 2296 haberi

76 2315 217 2371 «peregrina
229 2315 289 2368 origo
307 2315 334 2357 ab
352 2315 449 2357 exercitu
476 2320 572 2370 «cepta.
589 2315 627 2358 ilia
645 2321 719 2357 tamen
737 2313 787 2363 illa,
799 2326 848 2368 quar

77 2377 190 2420 absiatico
197 2376 313 2418 invectain
322 2375 400 2418 urbem
408 2381 447 2418 ast
478 2384 544 2421 «tum
554 2375 754 2433 conspiciebantur,
764 2377 847 2420 semina

76 2456 86 2480 ι
99 2438 117 2482 li
129 2438 227 2494 primum
236 2437 305 2481 lectos
317 2444 403 2489 emtus,
413 2450 451 2482 re·
479 2447 561 2484 «erant
577 2440 657 2482 suturae
675 2437 773 2481 luxurias.
792 2455 802 2475 ι
822 2461 848 2468 -

77 2507 160 2552 «stem,
181 2499 303 2554 suagulam
324 2499 448 2555 pretiosam.
476 2503 509 2547 19.
524 2500 662 2551 bundium
677 2511 740 2556 vopei
756 2499 776 2540 le
792 2499 848 2542 bisc.

77 2560 200 2617 «plagulas,
219 2566 242 2602 et
258 2559 301 2602 alia
316 2561 409 2610 textilia,
418 2569 447 2611 et,
475 2562 540 2605 Cll'll
550 2562 576 2604 dc
588 2560 710 2613 Tite-bina,
719 2572 786 2615 pagos
799 2559 847 2604 ato

77 2635 147 2678 ulnae
157 2629 205 2664 tum
220 2622 341 2677 magnilica
356 2621 449 2677 supelle-
475 2649 502 2658 -
511 2626 544 2669 20.
560 2622 671 2668 Auaritia
682 2635 706 2667 ae
718 2628 821 2677 rapporte
836 2622 849 2665 d

78 2703 89 2725 «
97 2685 156 2728 ctilis
168 2684 449 2739 habebantur,moncpodia
476 2687 604 2743 Calpurnius
616 2685 695 2737 Bestia,
705 2683 849 2740 &aperitin

77 2752 121 2791 «et
142 2746 221 2788 abacos
246 2746 335 2788 Romam
359 2744 451 2788 advexa-
477 2748 601 2793 Postumius
610 2748 699 2791 Albinus
707 2748 762 2803 (roy.
770 2746 849 2790 lancta

79 2814 159 2851 «runt.
170 2806 231 2850 Tunc
243 2805 353 2863 psalteria
364 2807 452 2850 sambu-
478 2811 506 2865 it,
516 2808 626 2866 superbia
642 2821 670 2853 au
684 2807 761 2851 consul
774 2806 849 2850 Metel-

78 2870 235 2927 «cistriaeque,
245 2876 267 2912 et
283 2867 400 2911 convivalia
417 2870 452 2913 lu·
477 2873 526 2916 lus:
538 2885 594 2929 vop,
604 2884 633 2914 au
648 2869 708 2925 auiet
721 2869 752 2913 de
766 2869 857 2910 ceder-

79 2932 188 2977 «diouum
205 2930 360 2974 oblectamenta
377 2929 451 2976 addita
478 2935 543 2989 niet,
563 2944 632 2981 outre
647 2933 672 2978 la
690 2932 818 2977 narramus
828 2928 878 2975 Ἃ,
