1904 3216
320 215 357 263 Ex
374 213 443 262 lett
458 212 547 264 unito
561 212 648 267 mil.
820 215 866 264 15³

84 335 215 394 praesente
229 327 451 388 teicompioratum
460 337 536 386 prope
547 324 681 386 conjugum
690 337 718 374 ac
729 324 866 374 liberorum

85 409 238 451 nostrorum
247 398 374 453 exaudire,
382 402 407 444 et
415 395 545 456 flagrantia
553 402 616 443 tecta
623 409 706 456 posses
715 396 865 458 conspicere)

84 474 124 522 ita
130 483 222 521 sumus
234 466 366 528 aliquoties
372 465 417 513 hac
429 464 647 521 aestanedevastati,
655 470 682 512 ut
691 463 718 512 u.
730 464 866 525 Marcellus,

85 558 140 595 non
150 538 277 592 Hannibal
291 536 378 585 vicisse
392 536 422 584 ad
438 536 530 583 Cannas
542 534 667 591 rideatnr;
680 534 868 596 glorienturque

86 611 243 665 Romanitas,
258 607 291 656 ad
305 620 383 655 unum
395 605 467 653 modo
478 605 555 653 ictum
567 605 699 664 rigentem,
711 606 778 653 reiut
784 605 868 654 aculeo

85 685 184 736 emisso
205 681 250 744 (ἢ),
267 686 375 740 torpere.
391 676 439 725 Per
452 682 638 723 senescentum
656 674 690 738 (ὅ)
706 689 764 723 cum
777 675 868 737 populo

87 756 205 805 Romano
214 750 311 799 bellum
324 746 455 808 gessimus,
467 744 537 794 nulio
547 752 648 794 externo
660 744 740 806 adjuti
751 758 796 794 nec
805 746 869 795 duce

86 807 867 872 necexercitu,nisiqnodperbienniumPyrrhusnnstmmagis

87 879 867 940 militesuasauxitviresqnamsuisviribusnosdeieudit.iiou

88 973 138 1021 ego
153 952 273 1006 secundis
289 952 366 1000 rebus
379 948 473 998 nostris
486 949 623 1011 gloriabor,
637 950 699 1001 duos
716 952 828 1002 consules
839 964 868 1000 ae

89 1029 158 1077 duos
169 1023 320 1074 consulares
327 1020 451 1070 exercitus
460 1018 491 1067 ab
499 1019 570 1070 nobis
578 1020 624 1069 suh
632 1021 722 1082 jugum
732 1020 867 1086 missnsii),

88 1090 156 1142 etsi
172 1104 225 1154 qua
237 1089 285 1138 alia
303 1093 345 1135 aut
360 1087 414 1133 laeta
438 1092 482 1133 ant
498 1086 606 1146 gloriosa
624 1087 696 1134 nobis
716 1095 869 1142 evenerunt:

88 1176 151 1226 qnae
158 1173 249 1223 aspera
256 1159 410 1223 adversaque
418 1163 477 1204 tunc
488 1155 641 1210 acciderunt.
649 1157 871 1219 minoreindigna-

87 1235 162 1282 tione
170 1233 269 1280 reterre
278 1240 420 1291 possumus,
431 1239 506 1289 quam
513 1226 779 1287 quaehodieereniunt.
790 1228 870 1290 itagni

87 1304 231 1353 dictatores
243 1313 302 1349 cum
315 1297 444 1358 magistris
455 1295 579 1356 equitum.
603 1296 655 1345 bini
677 1300 791 1348 eonsules
812 1313 870 1350 cum

88 1373 162 1424 binis
175 1369 352 1421 consularibus
360 1366 511 1415 exercitibus
524 1366 731 1428 ingrediebantur
743 1369 804 1419 iines
814 1383 871 1420 nos-

88 1451 146 1494 tros
158 1458 164 1498 ;
183 1448 243 1490 ante
254 1439 380 1501 explorato
392 1437 436 1498 (5),
453 1442 478 1485 et
494 1436 612 1486 subsidiis
626 1439 722 1499 positis,
735 1447 761 1488 et
772 1439 820 1488 sub
831 1439 870 1489 si-

86 1511 230 1577 gnis16)ad
237 1507 408 1571 populandum
419 1505 557 1561 ducebant3
566 1519 633 1554 nunc
641 1507 871 1572 prop1·aetorisi'i)et

91 1582 173 1633 unius
183 1585 211 1630 et
224 1577 293 1640 parri
301 1577 332 1626 ad
344 1577 461 1626 tuendam
472 1576 556 1628 Nolam
563 1579 674 1640 praesidii
680 1582 867 1641 praedasumus:

88 1654 145 1716 jam
159 1665 192 1700 ne
206 1648 379 1711 manipulatim
388 1647 498 1709 quidem,
510 1647 553 1698 sed
577 1649 702 1699 latronum
720 1653 800 1712 modo,
811 1666 871 1714 per-

89 1727 199 1773 cursant
211 1718 273 1769 totis
282 1718 372 1767 fluibus
386 1718 477 1767 nostris
487 1718 653 1779 negligentius
662 1734 736 1781 quam
748 1721 804 1772 siin
819 1723 870 1772 iio-

91 1805 170 1841 mano
179 1795 331 1850 vagaremur
338 1801 406 1848 agro.
419 1786 492 1835 Causa
503 1793 586 1837 autem
596 1787 648 1838 haec
656 1796 702 1845 est.
713 1791 780 1854 quod
789 1806 871 1855 neque

91 1870 121 1912 tu
134 1859 260 1915 defendis,
269 1865 294 1906 et
309 1865 391 1906 nostra
401 1856 528 1917 juventus,
543 1871 608 1920 qnae,
616 1857 636 1907 si
645 1859 713 1909 domi
724 1868 796 1919 esset,
807 1869 871 1911 tuta·

92 1939 178 1990 retur,
191 1929 276 1980 omnis
289 1929 336 1976 sub
349 1928 428 1989 signis
446 1927 536 1977 militat
547 1929 604 1977 tuis.
626 1930 673 1979 iiec
683 1936 708 1979 te
722 1931 872 1982 necexerci·

92 2011 151 2051 tum
165 2008 239 2048 tuum
251 1997 343 2054 norim,
363 1997 420 2054 nisi,
434 2012 448 2045 a
468 2011 517 2059 quo
531 2006 568 2047 tot
583 1999 646 2049 acics
667 2001 787 2050 Romanas
804 2003 871 2052 susas

92 2079 240 2133 stratasque
252 2083 305 2118 esse
327 2069 411 2124 sciam,
427 2069 451 2117 ei
468 2069 542 2117 iacile
567 2080 623 2118 esse
632 2069 717 2120 ducam
731 2070 872 2134 opprimere

92 2179 269 2233 quante-quatre
278 2186 324 2214 ans.
336 2194 359 2203 -
375 2173 395 2215 2.
410 2171 473 2213 Velut
500 2170 576 2214 xxvlt.
589 2194 617 2203 -
631 2173 651 2215 5.
669 2177 726 2217 Ante
742 2173 870 2229 explente.

93 2234 305 2283 acukoemissoia
312 2234 474 2288 memocompo-
501 2232 578 2276 ablatis
585 2242 661 2276 neutra
669 2235 725 2285 seui,
736 2248 793 2290 pour
802 2237 871 2281 rebus

93 2295 474 2352 ranan,exprimtsdanslesmemes
500 2296 557 2337 ante
565 2296 700 2350 exploratis.
710 2296 748 2340 Cet
762 2310 829 2353 usage
838 2308 872 2346 est

93 2369 188 2411 termes,
204 2370 229 2400 se
238 2364 315 2399 trouve
324 2356 377 2399 daus
386 2355 475 2405 Quinte-
501 2354 656 2410 tres-nequent
664 2357 719 2401 dans
726 2357 872 2404 Tite-Line.-

94 2424 174 2473 Curce,
194 2419 228 2471 lv,
248 2419 283 2462 ch.
299 2416 326 2462 14
342 2431 348 2460 :
366 2417 409 2462 nai
422 2416 474 2472 pri·
500 2414 520 2457 6.
539 2416 586 2460 Suo
602 2417 793 2472 siquominus
817 2422 872 2466 ban.

93 2480 286 2536 mnmimpetum
300 2477 394 2531 effudit,
410 2476 474 2520 vetut
500 2477 584 2529 pieres.
607 2477 724 2526 bannitus
751 2482 882 2540 deployeag.

93 2541 206 2599 quodam
238 2539 363 2591 animalia,
393 2537 474 2582 emisso
499 2551 583 2583 comme
592 2552 621 2582 on
634 2542 723 2586 marche
735 2557 765 2589 au
777 2546 871 2592 somne

94 2605 180 2648 aculeo
190 2601 338 2659 torpet-3.
349 2601 393 2645 Per
399 2613 473 2644 annos
498 2624 526 2633 -
541 2601 561 2643 t.
578 2601 745 2659 Proproetora‘s,
761 2606 823 2660 isson
835 2621 873 2654 ex-

94 2668 192 2709 centum
202 2665 232 2718 (le
241 2670 287 2706 mot
298 2675 372 2720 prope
384 2675 427 2719 que
440 2662 472 2705 ies
499 2662 591 2706 celienta
600 2665 674 2719 queis
683 2673 759 2711 trouve
768 2669 823 2712 daus
834 2668 873 2715 Γό-

93 2727 193 2771 e'ditions
202 2725 302 2779 ajoutent
310 2731 344 2766 est
357 2736 400 2766 une
413 2723 473 2767 addi·
499 2726 568 2770 ditior
575 2726 786 2783 d'ilscheisii,dout
795 2731 828 2774 les
834 2745 873 2777 no·

95 2791 144 2832 tion
160 2789 258 2836 recente)
275 2800 281 2828 s
300 2795 346 2840 vop.
363 2785 383 2827 ia
404 2786 473 2830 notas
499 2792 871 2847 tesnssontpassnoorepuhiieas.

95 2851 125 2893 du
144 2848 200 2891 Disc.
218 2847 268 2890 Cili.
284 2869 312 2880 -
332 2846 353 2889 4.
376 2847 473 2897 snojn-
498 2849 529 2892 On
546 2850 606 2894 haart
622 2863 695 2908 prope
713 2865 744 2896 ou
762 2853 862 2908 proprii

94 2924 152 2968 gum
162 2909 257 2962 missen
269 2921 315 2966 roy.
326 2911 346 2952 la
360 2908 476 2958 Narratiou
499 2910 621 2959 Marceiius
629 2914 840 2970 itaitpropr'utous.

752 3013 785 3057 i).
