1904 3216
112 190 159 242 see
361 176 363 181 ’
418 191 580 244 nannenus

112 307 165 357 sine
178 307 275 369 opibus,
291 306 408 359 inmeum
416 322 522 369 regnum
534 309 567 373 (2)
576 307 667 371 accepi,
675 308 887 359 existumensuen

112 379 196 428 minus
211 393 251 430 rne
269 379 326 438 tibi,
340 381 448 444 quamsi
460 394 612 443 genuissem.
625 381 657 429 ob
669 380 789 429 beneficia
798 394 886 429 carum

112 450 182 507 iere3
200 464 282 513 neque
303 465 332 499 ee
347 465 389 500 res
400 450 492 500 salsum
509 463 549 500 me
556 449 646 499 habuit
653 448 695 513 (ὅ).
713 451 783 506 Nam,
796 458 825 498 ut
836 450 886 500 elie

112 518 887 583 magnastegregiatuaomitum,novissumerediensttuman-

112 591 156 654 tia,
170 605 261 653 meque
273 605 431 655 regnumque
438 591 608 653 meumgtoria
621 589 781 647 honoravisti,
792 596 887 653 tuaque

112 661 205 710 virtute
216 661 287 711 nobis
302 663 422 713 Romanos
436 677 466 712 ex
476 663 562 712 amieis
574 661 744 711 amicissumos
750 660 832 710 iecisti
842 675 849 718 ;
858 660 887 709 iu

112 729 231 791 Hispania
240 744 330 780 nomen
347 730 449 779 iamiliae
459 737 605 780 renovatum
616 735 661 786 est.
676 729 888 792 posuemo.quod

113 798 297 849 difficillumum
308 800 375 850 inter
386 799 498 849 mortalis
509 804 554 857 est,
565 799 647 860 gloria
664 798 784 847 invidiam
793 798 886 847 vicisti·

114 869 192 927 Nune,
207 871 325 933 quoniam
337 871 400 920 mihi
415 877 506 919 natura
520 871 595 920 duem
609 871 665 918 vitae
682 870 750 927 iecit,
765 870 888 933 perhanc

113 940 248 996 dexteram,
267 954 312 1002 per
327 941 398 1002 regni
414 941 488 989 iidem
511 940 545 1004 (t)
561 953 647 989 moneo
664 941 831 1003 obtestorque,
847 941 887 990 uti

112 1011 167 1067 hes,
175 1010 219 1073 qui
227 1011 274 1060 tihi
280 1024 371 1073 genere
378 1009 523 1074 propinqui,
530 1010 651 1061 beneficio
658 1010 886 1068 meoiratressunt‚

114 1097 186 1134 ceros
194 1084 294 1143 habeas,
303 1098 352 1134 neu
359 1084 430 1132 melis
437 1083 531 1132 alienos
538 1082 674 1144 adjungere
680 1097 755 1146 quam
762 1082 885 1146 sanguine

115 1155 258 1216 eonjunetos
269 1155 388 1204 retinere.
395 1153 448 1202 Non
456 1155 578 1203 exereitus
589 1167 671 1216 neque
677 1153 788 1203 thesauri
795 1151 885 1214 praesi·

115 1225 155 1274 dia
167 1226 238 1287 regni
254 1231 320 1280 sunt.
336 1238 423 1274 verum
435 1224 519 1281 amici,
532 1237 596 1285 quos
609 1237 691 1286 neque
703 1223 780 1272 ermis
794 1235 885 1283 eogere

114 1307 197 1357 neque
210 1310 272 1346 euro
289 1309 379 1360 perere
395 1309 485 1357 queas;
505 1295 587 1343 oiiieio
600 1306 625 1344 et
637 1295 686 1344 tide
696 1295 829 1357 pariuntur
841 1291 885 1356 (5).

115 1364 175 1421 Quis
187 1373 272 1416 autern
284 1367 387 1416 amicior
397 1379 473 1429 quani
486 1366 565 1414 frater
579 1364 672 1414 fratri?
680 1373 724 1414 sut
737 1378 813 1428 quem
824 1364 888 1413 alie·

115 1446 175 1484 num
191 1435 268 1486 fidum
281 1436 400 1493 invenies.
414 1435 503 1485 simis
515 1430 594 1484 hostis
609 1434 705 1484 fueris?
718 1434 839 1496 Equidem
853 1434 885 1497 (6)

116 1518 162 1567 ego
171 1507 352 1569 rohisregnum
364 1507 434 1556 trado
444 1506 554 1564 drmurn,
569 1505 592 1554 si
600 1504 751 1564 bonieritis;
767 1503 805 1553 sin
814 1503 887 1562 meli,

116 1690 230 1735 ouvrages,
241 1692 297 1724 nous
305 1692 427 1737 renvopons
440 1680 453 1724 d
466 1680 487 1724 la
515 1683 612 1736 putetur,
620 1681 767 1725 eemmedans
775 1681 797 1724 la
806 1682 887 1737 phrase

117 1743 166 1784 iiste
175 1753 217 1796 que
226 1754 282 1784 nous
291 1754 320 1785 en
326 1753 392 1785 avens
398 1742 487 1786 dressee
511 1751 557 1795 per
564 1740 634 1795 fidem
643 1741 755 1785 amicitie
765 1754 793 1784 on
807 1741 888 1785 entend

117 1802 171 1845 dens
178 1809 241 1845 notre
249 1803 402 1848 Narrationes
407 1804 434 1847 de
442 1803 488 1846 Sal-
513 1815 557 1857 per
564 1803 634 1858 fidem
643 1815 694 1859 pure
703 1809 736 1847 eat
743 1803 769 1845 in
776 1803 887 1846 amicitia

116 1865 182 1916 iuste,
193 1877 241 1919 pag.
255 1865 291 1916 ⁴9,
306 1866 340 1910 50.
357 1889 384 1897 -
401 1865 486 1909 lisera
514 1866 537 1906 et
548 1864 600 1906 eine
618 1877 665 1921 qua
683 1877 730 1908 uon
745 1868 822 1922 potest
840 1876 888 1909 esse

117 1926 171 1968 utile
181 1927 207 1968 de
216 1925 336 1976 lire‚avaut
345 1938 371 1969 ee
380 1926 485 1978 discours,
514 1925 630 1969 amicitia.
638 1949 666 1958 -
681 1928 702 1972 5.
719 1928 836 1971 Parare...
843 1940 889 1984 pu·

116 1987 137 2030 la
146 1987 261 2030 Narratinn
271 1987 342 2031 ltiree
351 1987 379 2031 de
386 1987 485 2030 Seliuste.
514 1985 620 2031 riuntur.
630 1988 764 2045 Remarquez
779 1989 808 2032 ici
821 1988 889 2032 l'ana-

116 2049 172 2092 -2.
188 2048 217 2092 in
232 2060 421 2104 ueeumrepnum,
431 2060 489 2103 pour
514 2047 573 2102 lngie
581 2049 620 2104 qui
636 2050 704 2092 existe
718 2057 780 2093 entre
792 2050 825 2092 ies
838 2062 888 2094 rer·

116 2111 178 2152 avoir
208 2123 242 2152 nin
276 2121 403 2162 conrnune,
431 2122 488 2165 pour
513 2107 673 2164 hesparereet
683 2110 888 2166 parereoniitde

117 2171 487 2227 enheriterunjour.1navecl‘ae-
514 2171 585 2214 rueme
593 2183 622 2214 su
632 2171 690 2218 Dise.
703 2170 745 2215 lv:
760 2172 836 2226 Hujus
848 2171 888 2215 de·

117 2235 197 2276 cusani
210 2235 298 2290 indique
313 2235 334 2278 la
348 2235 486 2286 destination,
515 2230 583 2274 decue
603 2237 664 2287 parta
682 2232 793 2276 amittere
817 2244 889 2289 queat

117 2309 157 2351 par
166 2309 199 2339 ex.
214 2297 293 2352 copiae
308 2308 446 2352 comparere
461 2296 487 2339 in
515 2294 609 2337 omuino
627 2306 674 2338 non
696 2296 814 2351 paravisse.
824 2317 853 2328 -
866 2295 888 2341 6.

118 2359 211 2401 bellum.
221 2382 248 2390 —
257 2359 278 2402 3,
292 2357 388 2401 Falsum
403 2371 439 2401 me
447 2358 488 2401 hu·
515 2355 627 2411 Equidem
642 2370 691 2414 epe.
709 2357 741 2400 011
753 2358 799 2400 vnit
813 2369 854 2412 par
867 2357 888 2401 ia

118 2420 177 2471 duit,
198 2421 248 2475 plus
266 2420 374 2475 expressis
396 2432 439 2475 que
467 2420 488 2463 ta
515 2417 609 2460 reunion
618 2417 645 2461 de
656 2430 693 2461 ees
706 2417 763 2461 deux
776 2423 833 2461 mets
850 2418 889 2474 qui

118 2483 196 2536 phrase
215 2483 324 2525 ordinaire
339 2494 376 2524 me
393 2481 487 2536 fefellit.
515 2491 539 2522 se
552 2485 630 2523 trouve
643 2480 755 2535 plusieurs
770 2481 813 2524 seis
833 2481 889 2525 dans

118 2543 149 2586 On
159 2545 192 2587 dit
203 2545 259 2586 ainsi
269 2557 274 2586 ι
283 2544 378 2588 Haecrea
386 2556 422 2586 me
429 2556 489 2587 cem·
515 2541 616 2594 Salluste‚
624 2555 667 2598 que
676 2543 783 2599 equidem
792 2556 821 2588 ue
835 2548 890 2600 peut

118 2606 487 2662 motumhabuitpourrommeuit.
515 2605 569 2657 erre,
578 2616 664 2650 comme
673 2616 702 2648 ou
715 2604 736 2648 le
746 2605 778 2648 dit
787 2611 889 2659 servent,

118 2668 200 2711 Falsus
216 2669 271 2710 n'est
288 2681 326 2723 pus
344 2666 435 2722 adjectis
451 2668 486 2717 ici,
516 2676 560 2709 une
569 2666 704 2708 contractior
714 2666 851 2721 ouspnerdse
861 2667 889 2711 de

118 2731 175 2772 rnais
184 2730 288 2784 participe
301 2729 371 2783 passii
383 2729 410 2772 de
419 2728 486 2783 fallo.
516 2739 556 2782 epe
565 2727 665 2784 quidem.
680 2727 745 2770 Entre
759 2727 854 2784 quidem
867 2734 889 2772 et

118 2814 146 2823 -
154 2791 174 2833 t.
186 2791 230 2834 Per
239 2790 306 2846 requi
320 2789 390 2844 fidem
404 2791 490 2832 revient
516 2789 623 2843 equidem
633 2789 648 2831 il
656 2789 724 2832 existe
733 2788 754 2832 le
761 2790 832 2833 meme
839 2802 890 2844 rep-

118 2854 182 2907 iper
198 2853 288 2909 reptem
301 2853 387 2907 fidem:
400 2864 490 2907 propre·
517 2857 566 2903 port
579 2851 679 2907 qu'entre
695 2862 751 2893 num
767 2856 790 2894 et
807 2851 888 2894 enim:

110 2922 175 2960 ruent
184 2916 304 2972 cestfidee
312 2927 360 2976 per
371 2926 443 2974 quant
454 2926 491 2959 re-
517 2912 539 2958 la
548 2912 634 2958 iettree
647 2918 680 2957 est
689 2924 721 2956 uu
733 2913 822 2969 prestre.
836 2911 887 2970 toy.
