1906 3690
99 138 131 189 tl
406 139 565 192 oulrlollus

99 257 201 308 consule
211 255 241 303 ad
253 253 344 302 moenia
357 253 427 302 urbis
440 255 523 302 Romae
531 253 633 317 impune
640 263 749 306 armatos
760 257 869 308 venisse!

99 330 166 379 llanc
179 338 225 387 ego
237 324 399 386 ignominiam
410 326 561 386 [quanquam
570 325 622 386 jam
632 326 675 374 diu
688 327 724 376 ita
735 329 836 386 vivitur.
848 329 870 380 is

99 404 178 448 status
195 407 282 442 rerum
294 399 340 448 est,
352 399 379 441 ut
398 393 462 441 nihil
475 394 532 442 boni
545 394 640 444 divinet
651 396 761 459 animus)
773 398 795 447 si
812 398 868 448 huic

98 463 577 530 potissimumimminereannoscissem,
591 465 721 523 velerilio,
730 468 770 516 vel
779 474 868 526 morte,

98 538 120 588 si
135 537 183 585 alia
197 535 254 594 luga
264 533 366 581 honoris
375 531 409 594 (l)
423 546 470 580 non
484 539 555 591 esset,
566 534 692 584 vitassem.
702 536 779 598 Ergo.
790 537 812 587 si
821 537 866 588 viri

98 621 167 656 arma
178 603 222 652 illa
238 602 384 650 habuissent
402 615 458 664 quae
469 602 494 649 in
515 605 593 665 portis
609 605 680 653 luere
700 606 802 664 nostris,
814 609 866 670 capi

98 681 175 730 Roma
186 688 227 723 me
235 673 335 722 consule
347 672 443 734 potuit?
459 672 521 722 satis
530 673 661 728 honorum.
673 676 734 724 satis
745 690 867 740 superque

97 751 157 801 vitae
168 750 239 800 crat;
253 743 317 791 mori
329 744 457 791 consulem
472 743 574 791 tertium
584 745 703 806 oportuit.
718 747 796 802 Quem
813 754 867 797 tan·

98 823 155 870 dem
167 814 320 877 ignavissimi
328 814 437 862 hostium
448 821 618 876 contempsere
626 815 636 864 t
645 830 690 864 nos
701 818 823 875 consules,
836 833 867 868 au

97 905 148 940 vos.
168 885 294 943 Quirites!
307 885 331 932 Si
348 885 419 945 culpa
432 885 458 933 in
470 885 542 933 uobis
559 892 605 942 est,
618 887 714 935 auferte
734 887 866 950 imperium

97 957 208 1018 indiguis
220 970 227 1012 ;
241 962 275 1015 et,
289 954 310 1002 si
323 954 347 1002 id
360 962 501 1017 parumest,
514 955 617 1016 insuper
626 957 866 1020 poenasexpetite.Si

97 1031 126 1081 in
136 1027 215 1083 vohis,
227 1039 300 1074 nemo
312 1026 414 1074 deorum
425 1039 472 1074 nec
482 1024 613 1074 hominum
623 1026 657 1074 sit
669 1027 712 1090 qui
725 1035 808 1076 vestra
819 1042 867 1090 pu·

96 1101 148 1150 uiat
164 1103 272 1160 peccata,
287 1095 409 1152 Quirites;
422 1101 517 1143 vosmet
528 1101 625 1144 tantum
636 1109 724 1145 eorum
736 1098 865 1159 poeniteat

95 1173 146 1221 Non
157 1169 194 1218 illi
206 1174 313 1216 vestram
330 1166 456 1227 ignaviam
469 1173 647 1228 contempsere,
660 1181 706 1215 nec
715 1182 768 1216 sure
779 1168 865 1218 virtuti

95 1241 180 1292 conlisi
193 1244 252 1288 sunt
265 1252 272 1284 :
287 1237 379 1298 quippe
391 1237 463 1285 toties
476 1236 523 1284 t'usi
534 1237 673 1298 fugatique,
687 1238 776 1286 castris
788 1239 863 1299 exuti,

95 1326 155 1375 agro
166 1307 290 1362 mulctati,
301 1309 347 1355 suh
359 1307 443 1368 iugum
455 1306 531 1368 missi,
543 1315 568 1355 et
578 1320 605 1355 se
615 1314 639 1355 et
649 1321 692 1356 vos
702 1321 802 1358 novere.
812 1308 866 1358 llis-

94 1382 178 1431 cordia
197 1377 313 1427 ordinum
331 1383 368 1424 est
387 1390 510 1424 venenum
528 1376 598 1425 urbis
610 1377 702 1439 hujus;
719 1377 823 1427 Petrum
840 1388 865 1428 et

93 1451 175 1515 plebis
190 1446 334 1497 certamina.
350 1447 410 1495 llum
430 1460 475 1495 nec
486 1447 557 1495 nobis
568 1447 677 1509 imperii,
689 1460 735 1497 nec
752 1449 865 1498 vohisli-

93 1520 243 1571 bertatisest
254 1518 351 1573 modus.
364 1516 423 1565 dum
435 1517 508 1565 taedet
517 1530 558 1564 vos
569 1515 743 1578 patriciorum,
760 1517 806 1568 hos
815 1520 865 1581 ple¹

93 1592 209 1642 boiorum
221 1587 421 1649 magistratuum,
434 1589 559 1636 sustulere
572 1587 609 1636 illi
625 1588 728 1637 animos.

119 1714 145 1757 ll.
162 1711 265 1754 Combieu
281 1710 417 1764 d’arantages
425 1713 447 1752 le
465 1711 544 1765 pouplo
554 1711 634 1753 unt-il
649 1724 687 1767 pas
703 1713 808 1758 ohteunsl
825 1715 864 1760 Co·

91 1777 194 1834 pendunt,
204 1773 275 1817 tundis
282 1785 326 1828 que
336 1772 356 1815 le
366 1785 445 1827 ravage
452 1772 533 1815 s'etend
541 1773 659 1828 jusqu'aux
668 1780 741 1829 portes
750 1774 778 1818 dc
786 1775 862 1829 Rome,

91 1840 114 1884 lo
124 1838 204 1896 peuple
213 1836 267 1878 n'est
277 1833 337 1878 armo
346 1847 390 1890 quc
399 1840 474 1877 contre
483 1834 504 1876 le
514 1833 582 1876 se'nat.

121 1953 146 2003 2.
152 1951 218 2001 Proh
226 1950 300 2000 deum
308 1949 395 1998 fidem!
405 1949 466 2011 quid
475 1947 543 1997 vohis
551 1949 645 1998 vultis?
653 1949 775 1998 Tribunos
781 1946 861 2011 plebis

89 2021 254 2083 concupistis;
266 2018 407 2069 concordiae
418 2032 491 2070 causa
506 2018 674 2067 concessimus
687 2031 692 2064 :
707 2017 860 2066 decemviros

89 2090 263 2146 desiderastis;
274 2089 356 2137 creari
364 2088 431 2150 passi
441 2100 528 2138 sumus
535 2101 541 2132 ε
549 2085 747 2134 decemvirorum
753 2095 796 2130 vos
804 2094 862 2142 per·

89 2167 179 2213 taesum
188 2168 241 2218 cst;
253 2160 381 2221 coegimus
390 2157 459 2207 abire
471 2154 618 2216 magistratu
630 2168 636 2198 z
647 2156 762 2198 manente
772 2147 801 2197 in
808 2160 863 2200 eos·

92 2233 149 2282 dem
169 2231 277 2293 privatos
291 2227 330 2276 ira
346 2231 437 2282 vestra,
453 2237 516 2273 morl
532 2230 606 2285 atque
622 2221 722 2269 exulare
733 2216 862 2270 ,nobilissi-

91 2316 145 2352 mos
155 2302 222 2350 viros
233 2296 490 2356 honoratissimosque
498 2293 564 2354 passi
573 2305 675 2340 sumus:
686 2288 803 2339 tribunos
812 2288 862 2350 ple·

91 2373 131 2424 bis
147 2385 234 2422 creare
254 2370 348 2423 iterum
364 2365 490 2423 voluistis;
507 2364 631 2413 creastis:
649 2361 764 2410 consules
782 2359 863 2407 lacere

91 2448 231 2492 vestrarum
252 2438 370 2501 partium.
386 2435 432 2484 etsi
448 2433 562 2482 Patribus
577 2431 719 2480 videbamus
731 2428 860 2490 iniquum;

91 2511 224 2576 patricium
231 2497 861 2571 quoquemagistratumplebidonumllerividimu‘s:

91 2581 213 2632 auxilium
223 2577 393 2631 tribunitium,
406 2573 604 2636 provocationem
619 2573 649 2621 ad
659 2571 789 2633 populum.
802 2568 861 2618 scita

90 2651 171 2716 plebis
182 2648 293 2710 injuncta
306 2645 428 2701 Patribus,
440 2642 487 2693 sub
495 2643 568 2692 titulo
578 2640 860 2704 aequandarumlegum,

115 2773 203 2820 xxvlll.
227 2775 248 2818 l.
275 2773 341 2827 Fuqc
359 2770 461 2820 honoris.
489 2765 861 2823 sicliterevitarenonpotuissem

84 2833 461 2892 cent.susciptendt,c·est-auhe‚
489 2831 546 2888 quin
565 2828 699 2873 consulatus
715 2827 785 2883 huius
802 2826 861 2871 anni
