1904 3216
80 163 111 211 96
386 159 549 209 ounttottus

82 278 171 335 Quinte
187 277 254 338 Fabi,
266 274 359 324 felicior
369 276 416 325 hoc
430 289 549 326 consensu
563 275 668 326 civitatis
685 277 715 326 ad
730 277 850 326 tuendum

82 357 115 406 te,
126 363 200 412 quam
217 362 266 410 qua
282 347 365 409 paullo
384 354 440 394 unte
453 347 589 405 exultabas,
607 347 710 397 victoria
723 363 729 396 z
742 348 805 405 vive,
825 348 849 398 id

83 421 178 470 facinus
192 432 277 476 ausus,
295 416 367 478 cujus
386 417 479 465 tibine
496 430 588 479 pareus
601 418 712 479 quidem,
728 417 750 466 si
763 418 850 467 eodem

82 489 240 547 locoiuisset,
256 501 306 550 quo
319 488 368 536 fuit
384 487 400 536 L
420 487 542 550 Papinius,
558 487 659 536 veniam
672 489 789 539 dedisset.
800 488 850 537 Me·

82 575 149 618 cum,
169 568 197 609 ut
210 560 285 616 voles,
306 557 438 607 reverteris
454 558 480 606 in
499 558 605 620 gratiam
620 573 627 606 ε
640 559 731 622 populo
743 559 851 607 Romano

82 631 123 680 cui
133 629 208 680 vitam
219 629 302 686 debes,
317 627 381 676 nihil
391 628 470 691 majus
480 628 629 691 praestiteris
639 642 714 691 quam
727 628 749 677 si
757 628 797 677 hic
804 628 850 677 tibi

1 726 2 730 =
35 747 37 751 ,
82 700 135 751 dics
148 698 208 748 sutis
219 697 360 748 documenti
373 697 479 756 dederit,
489 704 519 746 ut
529 698 594 750 bello
607 712 637 748 uc
646 712 707 761 pace
722 699 774 761 pati
787 698 851 760 legi-

79 771 144 821 tima
156 769 260 833 imperia
269 769 356 832 possis.

326 997 382 1046 EX
403 1000 536 1047 MBRO
555 1000 602 1047 lx

429 1166 513 1215 mxiv
583 1229 585 1232 ¹

86 1308 141 1370 Cup.
164 1307 189 1354 1.
219 1305 306 1358 Oratio
326 1306 352 1356 C.
370 1305 456 1354 Pontii
472 1305 612 1354 Samnitum
635 1306 795 1372 imperatoris
817 1310 853 1358 cd

277 1389 342 1423 euos.
360 1375 415 1438 (455
425 1376 464 1433 ii„
479 1375 526 1424 519
538 1389 576 1426 av.
586 1376 660 1440 1.-(1.)

108 1497 187 1547 Annuus
199 1495 308 1547 iuducinsn
324 1496 415 1534 numanis
428 1495 544 1547 impetratos
560 1486 662 1542 samnites,
675 1502 756 1536 auctore
771 1499 855 1538 umento

84 1542 150 1587 Penio,
160 1545 261 1591 ruperunt.
271 1541 343 1578 Detitdc
352 1550 422 1590 rursus
430 1542 578 1592 unicornuum
587 1551 664 1580 omnem
672 1544 782 1585 nomnium,
791 1545 855 1594 cupti-

84 1585 240 1635 vosque-simut
257 1585 421 1636 corpusuurutnit
438 1594 525 1622 exuturus
535 1586 584 1634 (ipsc
600 1597 651 1636 cmm
666 1591 730 1624 morte
745 1587 855 1625 voluntaris

84 1637 225 1675 ignomttttaete
241 1639 263 1666 uc
278 1630 374 1682 supplicio
383 1629 517 1696 sinoti-onerat]
533 1641 578 1668 cum
596 1631 702 1696 boniseuus
712 1632 790 1668 Romam
807 1631 855 1668 mit-

84 1672 345 1798 ξξξῖῥξξεῶῗ.“ἓὲρὲὲῖἰΐῶ
354 1675 855 1764 nitito.inustttnttu‘tttttttttii:

113 1858 154 1902 Les
163 1857 269 1902 Samnites
280 1867 317 1902 cut
327 1858 400 1914 spaiso
416 1859 449 1901 les
462 1859 527 1901 dicux
543 1859 608 1914 qu'ils
621 1861 708 1903 avaient
721 1860 816 1905 offensos
825 1875 853 1906 cu

86 1921 209 1966 violnutlos
219 1922 307 1975 inuitem
319 1923 344 1966 ils
353 1929 391 1966 ont
399 1923 465 1965 offert
473 1922 605 1978 ropemtiou.
620 1923 661 1967 Lus
674 1924 784 1977 Romaim,
796 1938 823 1970 su
832 1925 855 1971 Ιι

86 1984 191 2034 refusam,
212 1984 322 2027 s'nttircnt
338 1996 378 2038 por
396 1984 445 2026 lour
459 1981 545 2037 orgueil
559 1984 580 2027 ic
592 1996 700 2050 cous-noun
717 1986 805 2029 cotesto.
825 1986 854 2030 lu

87 2059 168 2101 guerre
178 2053 212 2089 ost
217 2046 290 2101 juste:
301 2045 343 2088 cilo
359 2057 408 2087 sera
417 2045 533 2088 hcurcusc.
677 2058 680 2063 ’

118 2162 153 2211 Ne
164 2161 229 2211 nihil
242 2168 324 2210 actum
333 2162 379 2210 hac
388 2161 508 2222 legatione
521 2162 640 2211 censentis
656 2175 663 2210 z
676 2162 804 2225 expiatum
816 2171 855 2215 est

86 2232 207 2295 quidquid
220 2246 249 2281 ex
259 2233 350 2280 ioedere
361 2237 434 2294 rupto
442 2231 537 2281 inanum
551 2230 578 2280 in
590 2245 635 2281 nos
646 2232 785 2283 coelcstium
796 2235 853 2285 suit.

86 2303 149 2352 Satis
158 2305 217 2360 scio,
227 2304 425 2366 quibuscumque
434 2302 483 2351 diis
493 2301 560 2351 cordi
570 2302 618 2351 fuit
630 2301 664 2366 (i)
675 2304 757 2367 subigi
767 2318 812 2354 nos
825 2306 856 2356 ad

86 2376 258 2423 necessitatem
265 2373 367 2423 dedendi
379 2385 420 2421 res
430 2386 485 2435 quac
495 2387 508 2420 a
519 2371 588 2421 nohis
601 2386 630 2422 cx
639 2374 731 2424 ioedere
743 2376 856 2437 repetitu

86 2442 195 2498 fuerant,
210 2443 241 2491 iis
256 2456 306 2491 non
318 2442 393 2492 inisse
412 2441 481 2491 ordi
505 2448 554 2490 tum
569 2443 675 2504 superbe
694 2443 723 2491 ab
741 2444 856 2492 Romanis

87 2512 188 2562 ioederis
204 2513 366 2574 expiationem
377 2520 495 2575 spretam.
518 2511 580 2569 Quid
597 2515 664 2562 enim
679 2515 745 2563 ultra
758 2514 813 2564 fieri
825 2513 856 2562 ad

87 2584 219 2646 placandos
240 2583 299 2632 deos
319 2583 515 2645 mitigandosque
534 2582 647 2633 homiues
668 2584 757 2646 potuit,
780 2597 856 2646 quum

87 2651 153 2713 quod
171 2665 215 2700 nos
229 2650 347 2699 fecimus?
364 2650 408 2698 ttcs
426 2649 536 2699 hostium
555 2652 581 2701 in
594 2653 678 2715 praedu
693 2660 786 2716 captus.
800 2667 854 2715 quoe

87 2721 145 2771 betti
152 2721 211 2784 jure
226 2726 317 2769 nostroe
331 2719 485 2777 videbantur,
495 2721 656 2774 remisimus:
672 2728 786 2774 auctores
797 2723 853 2773 betti

113 2860 197 2903 LXXIV,
210 2863 228 2903 1.
240 2860 308 2906 Cordi
317 2861 372 2916 suit,
387 2860 526 2913 cest-tuito,
535 2861 634 2919 ptumo.
