1904 3216
319 182 356 230 rx
372 149 624 231 ttvttttoltotttt.
811 182 857 230 oto

85 297 175 358 habiti,
186 296 333 360 quieverunt
353 295 397 357 (ll.
415 292 515 344 Servius
532 294 634 357 quidem
652 294 735 353 Galba,
750 297 771 346 si
787 297 814 346 in
831 298 857 346 t.

85 368 173 420 Paullo
185 367 320 417 accusando
329 365 471 415 tirocinium
484 378 576 428 ponere
587 373 612 414 et
622 368 797 416 documentum
808 369 859 418 elo·

85 440 193 503 quentiae
207 441 264 488 dare
280 436 367 492 voluit,
380 450 429 484 non
450 436 608 498 triumphum
623 437 745 500 impedire
764 439 858 495 debuit,

87 525 172 577 quem,
192 511 213 560 si
233 509 296 559 nihil
315 509 388 565 alind,
402 516 502 558 senatus
516 509 610 571 justum
627 524 681 559 esse
693 511 859 574 judicaveram

87 584 130 634 sed
144 588 238 645 postero
255 579 303 636 die,
320 593 394 642 quam
408 579 590 641 triumphatum
602 586 647 636 est,
664 581 789 643 privatum
801 595 861 631 eum

87 655 187 705 risurus
195 657 266 708 esset,
277 663 366 700 nomen
373 649 493 704 deterret,
503 656 529 697 et
539 649 635 711 legibus
643 651 808 713 interrogaret
815 650 860 714 (3);

89 731 134 776 ant
142 723 222 773 serius
232 722 322 783 paullo.
334 719 528 783 quamprimum
539 720 699 782 magistratus
712 721 765 784 ipse
780 722 862 784 cepu-

89 799 135 851 set,
153 791 220 841 diem
232 789 335 847 diceret,
352 789 482 838 inimicum
501 789 531 837 ad
548 790 667 852 populum
677 800 811 840 accusaret.
827 791 863 843 lta

89 869 115 914 et
123 862 233 926 pretium
242 866 309 911 recte
319 859 377 909 tacti
388 859 545 922 triumphum
558 859 661 909 haberet
672 861 696 909 l.
709 861 808 912 Paullus
817 875 864 926 pro

90 932 191 997 egregie
204 932 269 981 bello
283 937 361 994 gesto,
375 936 400 978 et
414 943 522 991 poenam,
542 930 563 979 si
580 930 640 990 qnid
652 937 677 980 et
690 938 772 982 retere
783 933 864 992 gloria

90 1011 169 1054 suaet
182 1016 244 1051 nora
259 1001 392 1062 indignum
401 1000 510 1050 fecisset.
525 1000 571 1049 Sed
581 1000 702 1056 videlicet,
716 1001 756 1050 eui
768 1003 864 1052 crimen

91 1073 199 1130 nullum,
210 1071 308 1120 nullum
320 1070 439 1132 probrum
451 1070 534 1119 dicere
542 1074 647 1131 poterat,
663 1070 717 1131 ejus
726 1072 865 1122 obtrectare

91 1145 177 1195 laudes
185 1141 273 1193 voluit.
281 1141 350 1190 Diem
358 1142 484 1201 integrum
491 1140 691 1189 hestemodiead
699 1143 865 1193 accusandum

92 1216 118 1266 b.
140 1214 252 1263 l’arrllum
265 1212 336 1274 petiit
350 1226 356 1259 τ
370 1218 488 1274 quattuor
502 1212 586 1269 horas,
600 1221 722 1273 quantum
735 1220 866 1276 supererat

93 1285 152 1340 (liei,
167 1283 271 1333 dicendo
287 1281 432 1345 absumpsit.
449 1281 509 1339 Quis
522 1293 632 1341 unquam
644 1288 695 1330 tam
708 1296 797 1333 nocens
806 1299 867 1336 reus

93 1355 151 1407 luit.
164 1354 237 1414 cujus
248 1352 370 1402 vitiaritae
381 1359 419 1401 tot
427 1352 497 1401 horis
506 1352 617 1414 expromi
626 1366 675 1401 non
683 1355 866 1416 possentlouid

93 1424 194 1474 interim
210 1422 310 1485 objecit,
324 1423 391 1486 quod
406 1423 430 1471 L.
442 1422 552 1478 Paullus,
564 1422 586 1471 si
598 1436 699 1473 causam
713 1424 785 1482 dicat,
794 1439 867 1490 nega·

94 1501 149 1548 tum
163 1494 239 1546 relitl

125 1565 259 1618 linasmibi
265 1564 355 1629 aliquis
363 1564 494 1615 conciones
501 1565 715 1628 parumperlaciat
727 1566 761 1631 (l)
775 1580 868 1618 :unam

96 1638 205 1688 militnm
216 1635 439 1686 Macedonicorum:
453 1647 541 1696 puram
549 1634 662 1694 alteram,
675 1636 819 1698 integrioris
826 1637 869 1700 in·

95 1707 155 1759 dicii
167 1712 191 1757 et
201 1721 214 1754 a
224 1707 306 1755 lavore
324 1712 349 1753 et
363 1705 429 1764 odio,
446 1702 563 1752 universo
575 1703 702 1765 judicante
713 1707 805 1770 populo
824 1708 871 1758 llo·

95 1793 178 1831 mano.
193 1778 263 1841 tpud
275 1776 418 1826 concionem
430 1780 539 1834 togatam
553 1782 577 1823 et
589 1776 711 1826 urbanam
727 1779 796 1840 prius
810 1793 870 1828 reus

95 1856 193 1912 agatur.
209 1849 271 1906 Quid
285 1846 351 1909 apud
361 1845 468 1902 Quirites
477 1845 606 1897 Romanos,
620 1848 688 1896 Serri
704 1848 788 1904 Galba,
805 1848 871 1897 ilice·

96 1923 157 1971 rest
169 1921 211 1969 illa
219 1919 285 1967 enim
298 1917 340 1965 tibi
350 1924 400 1965 tota
412 1914 505 1964 abscisa
516 1916 596 1965 oratio
610 1925 675 1967 esset
688 1935 716 1965 :o
731 1920 757 1966 ln
765 1919 871 1969 statione

98 2011 109 2039 n
128 1990 237 2041 severius
247 1994 272 2037 et
283 1987 405 2036 intentius
416 1986 527 2035 institisti
537 2005 544 2045 3
557 1988 650 2047 rigiliae
659 1991 774 2038 acerbius
784 1997 808 2039 et
816 1990 872 2039 dili-

99 2081 109 2105 ι
128 2060 229 2123 gentius
242 2058 378 2107 circumite
389 2062 463 2114 sunt;
478 2057 559 2120 operis
570 2059 635 2118 plns,
649 2074 722 2121 quam
740 2070 819 2116 antec,
832 2061 873 2110 le-

100 2146 111 2174 «
129 2130 195 2183 cisti,
214 2141 292 2188 quum
308 2126 361 2187 ipse
376 2125 514 2189 imperator
524 2134 549 2174 et
556 2135 654 2175 exactor
667 2128 874 2185 circumires;eo·

99 2218 110 2247 ι
129 2199 185 2249 dem
203 2198 242 2246 die
256 2205 280 2245 et
295 2198 343 2245 iter
361 2197 450 2252 iecisti,
464 2202 490 2244 et
503 2197 527 2243 in
542 2197 620 2245 aciem
633 2211 662 2246 ex
677 2197 768 2246 itinere
784 2199 873 2250 ductus

100 2288 112 2318 ι
128 2283 163 2320 es.
179 2270 213 2318 lie
227 2269 348 2316 rictorem
361 2265 461 2327 quidem
476 2275 500 2314 te
512 2267 545 2330 (5,
559 2268 718 2329 acquiescere
733 2282 819 2330 passus
826 2275 873 2318 est:

102 2359 113 2389 ι
130 2341 214 2391 statim
229 2341 260 2389 od
273 2337 454 2402 persequendos
469 2337 553 2386 hostes
567 2338 646 2386 duxit.
658 2337 739 2394 Quum
750 2347 775 2387 te
791 2340 873 2401 praeda

99 2493 149 2528 tous
166 2482 198 2525 les
215 2493 304 2536 moyens
319 2479 332 2522 a
359 2479 435 2522 irritor
450 2490 474 2520 sa
501 2477 606 2521 tribunal.
617 2501 644 2509 -
657 2478 677 2521 l.
688 2479 750 2521 nuos
762 2477 822 2520 milti
831 2479 876 2522 ali·

100 2545 175 2600 legion
189 2550 264 2587 contre
281 2542 302 2584 le
319 2541 403 2583 consul.
417 2540 473 2583 -2,
501 2540 553 2595 greis
567 2539 686 2582 conciones
695 2552 827 2597 parumper
838 2542 878 2596 lo·

102 2610 256 2663 breomet,
278 2607 340 2659 lepon
358 2605 386 2648 de
402 2604 475 2648 liube-
502 2602 551 2644 ctat
566 2614 575 2644 .·
591 2613 635 2657 que
648 2602 770 2657 quelqu'nn
782 2614 876 2659 suppose

102 2673 161 2724 nius,
180 2669 270 2726 adoptee
290 2681 346 2724 pour
364 2668 426 2709 ovoir
444 2680 475 2710 un
503 2676 559 2718 pour
574 2677 604 2706 un
622 2665 702 2707 instant
716 2664 773 2708 deux
794 2679 876 2710 ossem-

103 2732 321 2778 senslemanuscrit
330 2737 392 2787 porte
403 2740 476 2785 neque
503 2726 572 2768 bless-
583 2725 614 2768 lin
623 2728 710 2769 conualt
720 2734 753 2770 cet
761 2728 842 2783 emploi
850 2728 877 2773 (le

102 2798 217 2853 termut.
226 2818 253 2828 -
266 2795 288 2839 5.
298 2793 395 2849 legibus
403 2793 477 2835 inter-
503 2796 594 2845 socen,
604 2792 690 2831 surtout
703 2788 856 2844 il'imporetit
871 2805 875 2830 :

103 2869 189 2915 rogare
198 2857 313 2913 aliquem,
326 2855 346 2897 le
362 2854 476 2904 conduire,
504 2852 544 2906 foc
561 2864 598 2894 mc
613 2850 710 2903 diriore,
730 2852 769 2905 (aa
784 2853 882 2893 animos

103 2921 125 2964 ie
141 2920 197 2962 taire
209 2917 353 2972 compuroltre
363 2916 443 2958 devant
456 2913 477 2958 le
504 2917 580 2958 morte
597 2913 695 2970 perire„
705 2918 752 2954 cte.
766 2934 794 2942 -
804 2911 834 2950 is.
845 2910 899 2948 ne:

749 2994 786 3042 bb
