1904 3216
287 193 324 242 EX
342 192 487 242 salluslll
502 190 662 243 luculum.
812 190 858 240 369

86 312 117 361 ad
134 324 226 375 paucos
244 310 353 372 potentis
374 323 496 358 maxumae
511 309 615 365 divitiae,
632 308 660 357 in
679 308 858 370 rempublicam
890 320 894 329 ·

86 384 177 431 damna
193 388 267 443 atque
284 380 404 428 dedecora
422 380 587 441 pervenerint.
605 380 654 427 llisi
668 379 734 427 forte
747 380 858 428 nondum

86 456 162 505 etiam
184 466 226 501 vos
246 451 420 501 dominationis
440 463 526 498 eorum
548 451 648 499 satietas
670 456 748 505 tenet,
771 457 797 499 et
815 452 859 500 illa

85 536 161 584 quarn
181 524 234 572 baec
252 528 362 583 tempora
382 521 461 581 magis
480 521 584 583 placent,
602 536 679 583 quum
696 536 780 584 regna,
803 537 860 585 pro-

86 593 183 649 vinciae.
211 595 287 654 leges,
306 595 375 655 jura,
394 592 498 653 judicia,
520 592 584 641 bella
610 600 684 652 atque
706 606 791 653 paces,
816 606 860 655 po-

85 668 177 713 stremo
189 664 272 713 divina
282 669 307 712 et
320 663 425 710 humana
438 662 520 710 omnia
532 676 607 724 penes
617 676 708 725 paunus
720 668 801 715 eruut:
816 677 860 713 ros

86 740 178 790 autem,
195 735 240 783 hoc
256 740 294 783 est
311 733 419 795 populus
439 734 570 788 Romanus,
589 732 672 781 inuicti
688 734 718 780 ab
738 733 858 791 nostibus.

88 805 249 866 imperatores
264 803 375 853 omnium
391 802 513 864 gentium.
531 804 589 852 satis
604 802 734 852 habebatis
751 802 861 853 animam

88 871 208 929 retinere;
227 885 284 921 nam
301 871 447 921 servitutem
467 870 567 932 quidem
585 872 641 933 quis
657 872 768 920 vostrum
788 886 862 923 rccu-

86 956 140 991 sare
154 943 276 992 audebat?
287 943 365 1004 atque
380 955 435 1003 ego,
453 943 550 991 tametsi
568 943 622 991 viro
631 940 861 1002 flagitiosissumum

86 1012 210 1063 existumo
226 1013 328 1074 impune
340 1012 458 1073 iniuriam
473 1013 605 1074 accepisse,
626 1017 709 1060 tamen
723 1026 767 1061 ros
780 1012 861 1062 bomi-

89 1083 161 1132 uibus
183 1083 389 1133 sceleratissumis
412 1082 552 1143 ignoscere,
574 1083 691 1145 quoniam
711 1083 860 1141 citassent,

86 1166 158 1215 aequo
185 1153 267 1202 animo
293 1159 401 1215 paterer,
427 1152 453 1200 ui
477 1152 650 1201 misericordia
674 1153 701 1201 in
725 1154 861 1215 perniciem

87 1235 177 1270 casura
192 1230 266 1272 esset.
278 1223 337 1272 llam
353 1229 379 1271 et
395 1221 455 1278 illis,
470 1227 592 1284 quantum
606 1222 801 1285 importunitatis
814 1222 861 1272 ba-

87 1291 162 1349 bent,
174 1305 264 1354 parum
279 1298 318 1341 est
334 1291 437 1354 impune
453 1291 633 1349 malefecisse,
650 1292 698 1341 nisi
722 1293 812 1341 deiude
825 1293 862 1341 la-

86 1360 172 1411 ciundi
188 1362 284 1413 licentia
297 1362 414 1425 eripitur,
428 1368 453 1411 et
471 1362 542 1411 vobis
559 1370 650 1413 aeterua
664 1363 804 1412 sollicitudo
821 1376 862 1413 re·

87 1432 206 1490 manebit,
218 1446 293 1495 quom
303 1432 449 1493 intelligetis
464 1440 507 1482 aut
519 1432 681 1483 seminudum
692 1447 747 1483 esse
761 1440 804 1483 ant
816 1446 863 1495 per

88 1515 175 1551 manus
187 1502 218 1564 (9)
233 1502 376 1552 libertatem
385 1503 551 1551 retinendam.
564 1503 624 1551 llanr
637 1502 694 1552 lidei
705 1502 808 1565 quidem
820 1509 863 1553 aut

86 1572 224 1622 concordiae
237 1586 294 1635 quae
306 1586 362 1635 spes
373 1574 428 1622 est?
439 1573 567 1622 Dominari
580 1573 618 1622 illi
628 1573 723 1629 uolunt,
734 1586 778 1622 vos
789 1572 862 1623 liberi

88 1656 154 1701 esse;
170 1643 252 1693 facere
268 1643 305 1691 illi
321 1642 437 1705 injurias,
454 1657 496 1692 ros
511 1644 659 1707 probibere3
677 1650 803 1708 postremo
818 1657 863 1694 so·

87 1712 135 1762 ciis
150 1713 239 1762 vostris
260 1712 338 1762 veluti
354 1714 476 1769 hostibus,
492 1715 606 1762 hostibus
628 1728 673 1775 pro
697 1714 770 1763 sociis
787 1721 863 1763 utun·

89 1790 139 1832 tur.
153 1784 268 1833 Potestne
279 1783 307 1831 iu
318 1788 369 1831 tam
381 1782 488 1832 divorsis
502 1784 627 1833 mentibus
639 1798 686 1847 pax
697 1791 741 1832 aut
753 1783 863 1833 amicitia

87 1853 162 1903 esset

121 1926 202 1982 Quare
213 1939 301 1975 moneo
315 1926 452 1988 hortorque
463 1940 515 1989 ros,
529 1940 560 1974 ne
574 1932 672 1975 tantum
685 1928 765 1976 scelus
780 1925 864 1989 impu·

89 1995 170 2044 nilum
184 1995 313 2045 omittatis.
329 1994 380 2043 llou
401 1995 531 2057 peculatus
547 1997 619 2044 aerari
633 1996 711 2043 lactus
724 2002 768 2054 est,
782 2009 863 2057 neque

89 2067 196 2128 pervim
211 2065 286 2115 sociis
299 2072 392 2126 ereptae
406 2065 525 2128 pecuniae,
539 2080 595 2128 quae
611 2079 762 2127 qunnrquam
777 2067 863 2127 gravia

90 2142 157 2191 sunt,
167 2142 250 2183 tamen
258 2135 437 2183 consuetudine
443 2135 496 2196 jain
507 2134 640 2196 pronihilo
651 2136 774 2183 habentur
783 2149 789 2182 :
797 2135 864 2184 bosti

88 2217 220 2254 acerrumo
227 2203 326 2266 prodita
334 2205 584 2260 senatusauctorilas‚
594 2204 720 2266 proditum
730 2205 864 2266 imperium

89 2282 209 2333 rostrum,
225 2274 293 2323 domi
307 2273 461 2338 militiaeque
474 2275 611 2336 respublica
624 2274 718 2323 venalis
731 2274 788 2324 t'uit.
804 2276 864 2332 Quae

91 2344 141 2395 nisi
152 2344 257 2408 qnaesim
269 2351 353 2400 erunt,
368 2344 416 2392 nisi
429 2344 581 2394 vindicatum
595 2344 621 2392 iu
636 2345 730 2400 noxios,
742 2345 803 2407 quid
815 2346 864 2395 erit

90 2420 227 2481 reliquum,
237 2418 287 2468 nisi
296 2426 324 2467 ut
332 2419 392 2476 illis.
402 2418 480 2481 quiea
487 2421 577 2478 fecere,
585 2418 725 2467 obedientes
734 2418 863 2469 vivamus?

91 2489 152 2537 llam
167 2488 269 2551 impune
286 2489 403 2550 quaelibet
416 2490 505 2545 lacere,
518 2489 544 2538 id
555 2495 592 2537 est
606 2502 691 2549 regem
702 2502 764 2537 esse.
779 2489 865 2553 lleque

90 2573 138 2621 ego
148 2573 200 2615 ros,
215 2558 334 2616 Quirites,
347 2560 442 2615 hortor.
455 2570 482 2608 ut
493 2560 585 2608 malitis
597 2560 658 2608 ciris
668 2563 762 2609 vostros
774 2572 865 2624 perpe·

92 2643 147 2680 ram
165 2643 241 2693 quam
258 2637 324 2680 recle
340 2630 435 2687 iecisse,
448 2631 533 2680 sedne
548 2630 698 2691 ignoscendo
708 2630 780 2681 malis
787 2631 864 2681 bonos

92 2701 217 2764 perditum
230 2700 299 2749 eatis.
312 2700 347 2749 ld
356 2701 403 2750 lroc
415 2700 442 2749 in
451 2700 580 2763 republica
590 2701 669 2749 multo
679 2706 779 2762 praestat
789 2700 866 2751 bene·

92 2863 137 2903 tem
148 2857 465 2914 Socrumotquestueulinum
492 2858 582 2901 ailleurs
611 2869 700 2907 manuz
722 2845 880 2913 laxuisssw

91 2921 186 2964 trasealit.
213 2944 239 2952 —
260 2920 282 2964 9.
301 2920 347 2964 Per
368 2931 469 2973 manua,
496 2917 898 2973 orbina‘uacbuugo'xs‘xffimuxffi

737 3005 792 3051 Ἃ.
