1904 3216
90 183 120 230 56
393 181 555 239 ouationes

90 313 134 356 quc
148 300 216 342 Rome
225 311 281 353 pour
291 301 409 355 prosperer
418 305 440 341 et
450 311 504 353 pour
515 300 618 352 grandir?
627 303 641 343 Α
653 314 677 343 ce
687 303 727 353 sol,
738 300 858 352 d'ailleurs,

91 361 122 403 les
137 361 202 403 dieux
211 367 248 403 ont
258 362 340 414 promis
350 362 448 416 l'empire
458 362 488 402 du
497 361 588 412 monde,
599 362 653 406 c'est
662 363 680 406 la
691 377 734 418 que
744 369 793 405 sont
800 363 861 416 Jupi-

90 431 125 468 ter
133 424 247 480 Capitolin,
258 424 279 467 lc
288 426 341 468 dieu
349 426 428 468 ‘ferme
437 427 476 480 qui
486 438 513 468 ne
523 425 599 468 recule
609 428 676 479 point,
688 427 758 479 Vesta,
771 434 819 470 tous
829 427 861 469 les

90 488 156 530 dieux
166 494 310 542 protecteurs.

120 596 144 643 4.
161 595 224 651 Quin
238 596 345 653 tandem,
359 597 379 644 si
389 598 486 653 fraude,
496 596 515 645 si
528 610 586 646 casu
595 595 659 645 Veiis
669 596 812 646 incendium
822 610 862 646 or-

89 672 143 717 tum
155 667 195 722 sit,
210 673 331 728 ventoque
351 667 390 730 (ut
406 666 460 715 fieri
476 666 572 729 potest),
588 667 678 716 diffusa
695 666 792 715 flamma
806 681 861 716 ma·

88 749 164 800 gnam
177 745 273 796 purtem
288 737 359 785 urbis
370 738 499 795 absumat;
514 738 615 786 Fidenas
629 738 695 795 inde,
707 746 750 788 aut
765 737 859 797 Gabios,

89 806 194 857 aliamve
205 821 279 870 quam
292 808 380 857 urbem
393 808 526 870 quaesituri
538 822 625 858 sumus
637 821 687 871 quo
701 810 861 872 transmigre-

92 878 168 926 musi
180 877 243 926 Adeo
252 877 315 926 nihil
328 877 379 941 (18)
391 884 459 926 tenet
468 879 548 927 solum
560 877 654 941 patriae.
668 879 774 929 nechaec
783 886 859 938 terra,

53 968 55 973 ⁸
89 960 163 1009 quam
177 955 281 997 matrem
301 950 472 1010 appellamus3
485 950 529 998 sed
543 950 570 997 in
586 949 717 1011 superficie
735 949 862 1013 tignisque

89 1018 179 1069 caritas
188 1018 259 1066 nobis
268 1019 357 1080 patriae
366 1019 471 1081 pendet!
483 1018 603 1079 Equidem
614 1019 720 1082 (fatebor
728 1020 804 1079 vobis,
815 1023 861 1070 etsi

92 1088 280 1150 minusinjuriae
289 1096 384 1147 vestrae,
397 1102 472 1151 quam
479 1103 542 1138 meae
551 1089 705 1148 calamitatis,
719 1091 861 1140 meminisse

85 1160 173 1219 juvat),
186 1173 265 1221 qnum
274 1160 390 1216 abessem,
403 1158 608 1221 quotiescumque
618 1161 698 1222 patria
710 1161 736 1209 in
750 1170 859 1211 mentem

90 1230 191 1285 veniret,
212 1229 266 1278 haec
286 1229 370 1277 omnia
388 1231 558 1287 occurrebant,
581 1231 662 1287 colles,
679 1231 818 1293 campique,
836 1241 862 1280 et

89 1298 192 1367 'tiberis
207 1306 231 1348 et
245 1307 341 1347 assueta
355 1300 432 1348 oculis
448 1299 525 1360 regio.
538 1305 563 1347 et
577 1299 623 1348 hoc
635 1301 733 1357 ooelum,
751 1303 797 1350 sub
811 1316 860 1364 quo
897 1323 899 1330 ·

90 1376 161 1418 natus
176 1369 341 1431 educatusque
357 1383 445 1417 essem.
462 1368 521 1424 Quae
533 1383 582 1423 vos.
597 1370 712 1426 Quirites,
730 1385 796 1421 nunc
807 1386 860 1421 mo·

89 1438 160 1489 ceant
178 1441 259 1502 potius
272 1439 376 1489 caritate
389 1453 442 1497 sua,
460 1446 489 1487 ut
507 1439 624 1489 maneatis
643 1439 669 1488 in
690 1442 748 1490 sede
767 1450 860 1500 vestra,

87 1525 161 1573 quam
173 1517 266 1572 postea,
276 1525 354 1572 quum
369 1510 522 1573 reliqueritis
537 1523 575 1567 ea,
588 1519 713 1559 macerent
727 1512 859 1564 desiderio.

90 1584 141 1631 Non
156 1582 210 1630 sinc
225 1596 297 1629 causa
310 1583 344 1628 dii
358 1583 521 1645 hominesque
530 1585 595 1630 hunc
609 1583 667 1630 urbi
682 1584 817 1632 condendae
826 1584 862 1632 lo-

89 1651 859 1714 cumelegerunt,sainberrnnoscolles,ssumenoppmtunum,

88 1739 136 1786 quo
147 1738 176 1772 ex
189 1725 379 1775 mediterraneis
392 1724 454 1774 locis
469 1724 554 1786 fruges
564 1724 726 1781 devehantur,
738 1737 787 1787 quo
803 1737 860 1773 ma-

88 1792 168 1842 ritimi
179 1803 332 1845 commeatus
342 1795 506 1858 accipientum
519 1794 701 1843 marevicinum
710 1795 741 1843 ad
752 1808 860 1843 commo-

86 1863 184 1925 ditates,
200 1878 243 1913 nec
256 1867 395 1926 expositum
412 1865 487 1912 nimia
501 1864 686 1926 propinquitate
702 1865 734 1912 od
749 1864 860 1928 pericula

86 1934 200 1983 classium
214 1943 386 1993 externarum;
401 1936 531 1995 regionum
545 1934 620 1983 ltaliae
639 1934 760 1992 medium,
775 1936 808 1984 ad
819 1935 860 1984 in·

87 2018 242 2055 crementum
263 2008 333 2055 urbis
348 2015 434 2055 natum
453 2006 524 2054 unice
541 2006 634 2054 locum.
652 2007 804 2066 argumento
823 2015 862 2056 est

87 2077 138 2138 ipsa
151 2078 293 2139 magnitudo
305 2084 354 2125 tam
370 2091 440 2126 novae
456 2077 534 2125 urnis.
549 2077 744 2126 Trecentesimus
757 2090 861 2138 sexage-

87 2147 164 2194 simus
178 2148 280 2208 quintus
294 2161 373 2196 annus
388 2147 467 2202 urhis,
486 2147 603 2204 Quirites,
620 2147 723 2207 agitur:
745 2146 813 2197 inter
824 2155 861 2197 tot

87 2219 232 2265 veterrimos
247 2218 349 2279 populos
359 2224 406 2264 tam
421 2216 464 2265 din
477 2218 542 2266 bella
557 2217 644 2276 geritis
655 2234 661 2275 i
673 2231 752 2279 quum
764 2217 861 2267 interea

86 2288 128 2346 (ne
147 2290 259 2349 singulas
279 2290 364 2348 loquar
380 2286 463 2350 urbes}
482 2301 533 2337 non
552 2287 674 2349 conjuncti
696 2302 754 2338 cum
778 2289 861 2353 AEquis

87 2356 171 2412 Volsci,
186 2366 221 2407 tot
232 2367 282 2407 tam
294 2358 372 2406 valida
384 2359 474 2419 oppida
484 2374 491 2415 ;
504 2371 554 2406 non
566 2358 680 2407 universa
688 2359 797 2418 Etruria,
807 2368 860 2410 tan·

86 2433 140 2475 tum
155 2437 219 2476 terra
238 2430 351 2490 marique
364 2430 466 2491 pollens,
482 2439 555 2491 atque
568 2429 634 2477 inter
647 2430 696 2478 duo
713 2430 791 2479 maria
811 2432 858 2495 (tot

85 2497 241 2544 latitudinem
260 2500 377 2547 obtinens
391 2498 478 2553 ltanae,
495 2499 558 2546 bello
579 2499 647 2547 vobis
665 2513 710 2561 par
726 2509 773 2550 est.
791 2502 859 2558 Quod

86 2579 166 2627 quum
177 2567 209 2614 ita
224 2569 264 2625 sit,
282 2583 346 2629 quae,
363 2571 455 2617 malum
474 2568 535 2633 (20ss
554 2571 618 2618 ratio
633 2577 670 2618 est
685 2571 795 2632 expertis
813 2573 859 2621 clia

86 2637 201 2698 experiri.
216 2650 293 2698 quum
302 2639 365 2699 jaun,
376 2647 403 2686 ut
412 2642 486 2687 rictus
498 2640 693 2689 vestratransire
708 2640 757 2689 alio
771 2651 857 2704 possit,

86 2780 219 2822 c'est-a-dire
227 2813 232 2825 ,
241 2781 335 2835 publico
352 2781 457 2832 coneilio,
485 2794 539 2823 rum
548 2788 570 2823 et
580 2781 691 2834 inmune,
700 2781 719 2822 ia
729 2794 777 2823 mer
784 2783 858 2827 Admo-

86 2842 154 2884 -18.
166 2841 456 2895 Ninnqnustortqucnon.
485 2845 546 2898 tique
561 2849 583 2886 et
598 2842 618 2884 la
632 2856 679 2885 mer
686 2844 855 2898 Tprrhenienne.

86 2902 459 2958 —19.meermannianam·
484 2925 511 2935 —
526 2905 560 2947 20.
574 2904 663 2946 rnatum
676 2905 685 2946 Ι
700 2905 857 2951 arctamatian
