1904 3216
44 153 46 158 ’
110 175 156 225 nin
345 208 351 213 0
411 173 574 225 onsrronns

109 288 883 349 habedsicederehincstatuisset.Quantoenimfaciliusehire

109 362 167 418 fuit,
179 376 257 424 quum
265 362 353 424 procul
365 362 516 419 abessemus,
528 376 602 425 quarn
612 375 687 420 nunc,
699 375 778 425 quum
792 362 818 411 in
829 377 884 413 cer·

109 432 205 481 vicibus
222 431 328 481 sumus?
344 432 392 480 Nec
402 433 499 482 falleret
510 445 556 482 nos
568 445 614 480 nec
630 431 740 482 interdiu
751 447 798 484 nec
811 440 884 484 nocte

109 502 232 552 abeundo.
241 502 304 558 Quid
314 509 396 552 eutem
404 509 441 552 est
451 502 521 552 nobis
531 502 639 565 optatius
647 515 724 564 quam
731 508 886 566 aequorum

109 580 197 633 cestra,
213 575 316 637 praealtd
326 574 439 624 fluminis
452 575 510 638 ripci
517 580 581 632 tuta,
592 573 657 622 vallo
666 573 844 638 insupersepta
854 589 882 625 ac

110 644 207 700 crebris
223 644 344 702 turribus,
362 658 507 707 oppugnare
525 643 606 693 adorti
617 656 712 703 sumus,
723 657 774 705 eos,
786 644 884 696 relictis

109 715 280 774 munimentis,
291 715 390 778 agmine
399 715 480 765 effuse
489 715 617 772 abeuntes,
633 713 660 762 in
669 715 810 776 patentibus
817 729 882 767 cam·

108 788 148 850 pis
164 788 194 838 ab
209 794 281 850 tergo
292 787 453 836 adoriamur?
883 815 885 819 -

140 860 182 909 11ae
193 859 373 922 dilataepugnae
385 872 414 908 ex
425 859 541 908 hesterno
555 859 596 908 die
607 859 634 907 in
644 857 794 908 hodiernum
802 871 884 908 csusre

109 931 223 979 dierunt.
236 930 351 991 Pugnare
367 929 468 978 enimet
478 929 525 992 ipsi
537 930 599 978 mihi
611 933 689 991 placei
697 945 705 987 ;
714 929 812 990 enideo,
822 928 883 990 quia

53 1018 55 1023 ¹
104 1014 155 1064 per
168 1000 286 1063 Enipeum
304 999 338 1065 (i)
351 1012 451 1050 amnem
467 1007 535 1063 septa
546 1002 576 1050 nd
584 1001 681 1051 hostem
696 1000 815 1058 viderat,
830 999 882 1050 alin

108 1071 182 1129 saltu,
199 1069 298 1131 dejectis
311 1069 423 1120 hostium
439 1069 571 1132 presidiis,
593 1084 684 1121 novum
703 1071 755 1121 iter
770 1069 880 1134 aperui:

108 1155 189 1205 neque
199 1143 278 1205 prius,
291 1154 368 1203 quam
383 1140 545 1200 debellavere,
561 1141 686 1190 absistam.

99 1213 314 1291 &MIII’

333 1401 389 1448 ux
410 1401 547 1449 niuno
566 1402 667 1449 xm,

468 1599 527 1650 CCII

135 1730 194 1793 Cap.
209 1730 233 1778 8.
257 1730 333 1782 Verba
352 1731 375 1779 I.
394 1730 495 1778 AErniliz‘
512 1729 600 1778 Paulli
616 1729 651 1778 ud
661 1732 779 1780 Perseum
795 1742 884 1796 rcqem‘

263 1799 397 1863 captiuum.
415 1800 469 1866 (584
486 1801 524 1859 R„
538 1800 584 1849 168
596 1814 634 1849 av.
648 1799 721 1864 J.-C.)

126 1929 213 1967 AEmiIius
225 1929 293 1981 ccnsui
303 1938 362 1976 quum
373 1939 433 1977 regno
440 1930 562 1969 Macedonico
572 1933 635 1972 dinem.
644 1932 723 1971 devicto
732 1936 755 1971 ct
764 1937 821 1980 cepto
829 1934 878 1972 Per·

104 1984 149 2017 seo.
162 1974 298 2020 imposuisset,
312 1975 418 2011 adductum
430 1975 484 2012 adse
492 1976 591 2021 captivum
601 1986 669 2022 regern
676 1976 774 2016 introduci
782 1977 802 2016 iu
810 1978 879 2016 uner-

23 2032 25 2042 ·
103 2020 202 2058 naculum,
212 2024 232 2057 et
241 2020 336 2056 adversus
349 2019 453 2062 advocatos
468 2020 490 2057 in
500 2020 601 2058 consilium
613 2021 715 2059 considers
722 2021 788 2070 jussit.

133 2130 211 2174 Persdc
222 2131 302 2173 n'arait
311 2144 384 2174 aucun
393 2132 458 2175 motii
466 2133 493 2176 de
501 2133 558 2176 inire
568 2146 611 2176 unc
620 2146 698 2188 guerre
704 2132 841 2188 desespdree.
851 2156 878 2165 —

105 2193 270 2248 L'imprudence
280 2193 307 2236 de
318 2205 341 2234 ss
358 2195 459 2238 conduite
476 2201 509 2238 est
525 2208 576 2238 sens
594 2207 678 2237 excuse.
695 2193 786 2244 -Qu'il
803 2193 878 2248 espere

104 2257 226 2310 dependant
237 2269 264 2298 en
283 2255 303 2298 ln
324 2255 435 2299 clemence
452 2257 491 2299 des
507 2257 617 2300 Romeins.
635 2279 661 2288 -
678 2255 723 2306 Que
739 2256 761 2298 la
774 2256 878 2310 jeunesse

105 2319 249 2361 s'instruised
266 2329 291 2360 ce
307 2318 376 2373 grand
392 2318 528 2375 exempledc
544 2317 679 2362 l'instahilitd
695 2317 734 2361 des
750 2317 827 2361 choses
837 2317 878 2360 hu·

102 2393 195 2423 marnes.

124 2476 188 2513 Prima
199 2476 319 2525 percontatio
337 2475 381 2524 fuit,

132 2574 184 2630 Qua
198 2575 313 2624 subactus
323 2575 416 2637 injuria
431 2581 517 2625 conire
533 2575 640 2638 populum
673 2577 808 2625 Romanurn
820 2574 874 2626 bel·

103 2643 156 2691 lum
174 2650 226 2692 tam
238 2645 329 2694 Infesto
343 2645 426 2695 anImc
444 2647 600 2711 suscepisset,
614 2661 663 2709 quo
680 2660 707 2696 se
718 2659 876 2710 regnumque

114 2731 174 2762 unm
190 2715 220 2762 ad
232 2715 349 2764 ultimum
365 2715 500 2767 discrimen
512 2717 661 2766 adduceret?

101 2833 228 2886 CLXXXVII,
239 2849 261 2878 n.
271 2838 354 2880 6.-7.
362 2838 473 2894 Enipeus,
499 2838 568 2882 duent
586 2840 615 2883 du
636 2838 713 2888 rende,
741 2837 818 2895 nppcld
837 2849 875 2883 au·

20 2942 31 2951 ,
102 2896 182 2940 rividre
203 2898 261 2941 issue
282 2898 309 2942 de
324 2899 426 2956 l'0tlrrys,
442 2900 473 2942 ni-
497 2899 767 2956 icurd'huiIeSetuIdic.
