1904 3216
87 160 133 210 tto
392 155 555 206 ouarlortlts

86 275 211 337 fugientes
223 287 273 322 non
284 274 354 335 prius
362 286 436 335 quam
444 271 555 320 Venusiae
569 278 613 320 aut
625 272 723 321 Canusii
735 273 856 323 constite-

87 352 155 396 runt,
165 358 193 394 se
203 344 275 392 nobis
283 342 371 391 merito
382 341 546 403 praetulerint,
559 342 711 404 gloriatique
725 344 777 392 sint
788 346 816 392 in
830 360 857 395 sc

8 466 15 483 p
35 439 37 443 ⁴
87 418 144 480 plus
155 429 231 478 quam
241 416 264 462 in
279 414 351 462 nobis
364 413 473 474 praesidii
485 412 629 474 reipublicae
640 427 702 462 esse.
717 415 762 463 Sed
772 415 821 464 illis
832 423 858 464 et

87 488 160 538 honis
168 499 197 536 ac
206 486 313 534 fortibus
322 483 443 533 militibus
452 483 570 541 utemini;
582 481 684 534 etnobis
693 485 859 548 etiamprom-

87 557 212 622 ptiorihus
237 555 385 618 propatrui,
404 553 469 616 quod
486 554 607 604 beneficio
631 563 713 605 vestro
732 558 857 622 redempti

39 646 41 650 ·
82 624 163 691 'atquc
180 627 207 676 in
221 627 327 690 patriam
339 624 448 674 restituti
463 625 595 674 fuerimus.

117 699 245 749 llelectum
256 696 362 745 exomni
374 703 446 744 aetate
460 702 485 743 et
495 696 594 744 fortuna
605 696 720 756 hahetis;
733 703 788 747 octo
800 698 858 749 mil·

87 769 122 828 lia
133 781 264 818 servorum
277 766 351 815 audio
362 765 456 814 armari
467 780 473 814 :
485 779 534 813 non
550 766 632 815 minor
641 780 763 816 uumerus
773 774 859 817 noster

88 845 135 901 est,
141 838 285 898 necmajore
293 834 469 898 pretioredimi
477 849 608 897 possumus
614 837 857 899 quamhiemuntur.

88 909 158 968 Nam,
165 907 188 958 si
199 909 324 957 conferam
333 919 379 955 nos
386 905 509 961 cumillis,
518 905 638 967 injuriam
645 907 741 955 nomini
749 909 858 957 Romano

87 979 186 1031 nciam.
208 978 272 1027 lllud
288 976 363 1026 etiam
383 975 409 1026 in
431 976 475 1025 tali
491 977 595 1025 consilio
612 978 859 1028 animadvertendum

87 1049 158 1101 voltis
178 1061 301 1104 censeam,
324 1048 408 1095 Patres
429 1046 565 1109 conscripti
587 1046 619 1110 (si
637 1054 720 1097 tamen
741 1049 859 1098 duriores

88 1135 141 1176 aaa
154 1119 244 1178 velitis,
258 1118 326 1181 quod
339 1116 410 1166 nullo
424 1123 508 1166 nostro
522 1116 611 1166 merito
623 1117 737 1182 faciatis),
752 1121 794 1168 cui
812 1135 859 1169 nos

87 1189 154 1247 hosti
166 1188 281 1239 relicturi
286 1187 341 1237 sitis
351 1202 359 1236 a
371 1186 467 1248 Pyrrho
478 1187 603 1245 videlicet,
620 1190 664 1251 qui
676 1202 719 1237 vos
729 1189 859 1250 hospitum

88 1273 194 1313 numero
216 1259 305 1308 hahuit
328 1257 454 1320 captivom
477 1271 510 1307 un
529 1257 636 1308 barbaro
659 1273 688 1308 ac
708 1259 790 1316 Poeno,
815 1259 859 1321 qui

88 1338 176 1384 utrum
192 1330 291 1380 avarior
302 1343 335 1378 an
354 1327 480 1377 crudelior
494 1327 535 1387 sit,
554 1328 594 1378 vix
609 1329 748 1378 existimari
768 1335 858 1391 potest.

89 1402 115 1452 si
133 1401 238 1450 videatis
256 1405 369 1455 catenas,
386 1398 539 1460 squalorem,
559 1397 742 1447 delormitatem
766 1399 858 1448 civium

89 1478 242 1527 remorum,
256 1481 306 1518 nou
324 1468 409 1517 minus
418 1468 530 1530 proiecto
547 1481 591 1518 uos
604 1482 634 1518 ea
647 1468 742 1531 species
753 1476 857 1529 moveat,

89 1541 196 1607 quamsi
208 1554 238 1589 ex
260 1540 337 1589 alteru
357 1545 428 1602 parte
447 1539 555 1588 cernatis
576 1545 667 1589 stratas
691 1539 860 1589 Cannensibus

89 1610 184 1674 campis
195 1609 306 1672 legiones
316 1615 420 1658 vestras.
435 1608 530 1658 Intueri
544 1609 647 1671 potestis
665 1609 860 1659 sollicitudinem

89 1688 115 1732 et
132 1680 249 1730 lacrimas
268 1678 434 1728 investibulo
453 1678 530 1728 curiae
552 1679 672 1728 stantium
695 1687 860 1742 cognatorum

89 1759 249 1809 nostrorum,
280 1748 526 1812 exspectantiumque
552 1763 701 1811 responsum
732 1757 856 1802 vestrum.

89 1821 170 1878 Quum
184 1819 203 1869 ii
219 1817 358 1882 mononis,
372 1831 469 1880 proque
483 1817 515 1868 iis
528 1819 572 1881 qui
585 1821 683 1877 absunt,
696 1819 730 1868 ita
747 1822 862 1882 suspensi

89 1906 119 1942 ac
131 1889 232 1941 solliciti
243 1889 307 1946 siut;
320 1902 395 1951 quem
411 1889 517 1938 censetis
537 1889 648 1939 animum
670 1891 783 1953 ipsorum
797 1905 859 1951 esse,

90 1975 199 2025 quorum
215 1960 241 2009 in
253 1959 399 2010 discrimine
409 1959 459 2008 uita
472 1960 625 2022 libertasque
645 1962 699 2010 est‘l
711 1962 758 2011 Sed
774 1962 806 2013 si.
822 1976 862 2012 me

90 2033 148 2082 dius
158 2030 248 2081 lidius!
260 2031 352 2092 ipsein
364 2044 409 2079 nos
423 2030 492 2079 mitis
504 2031 626 2080 llannibal
636 2037 724 2081 contra
744 2039 861 2082 naturam

90 2118 163 2155 suam
173 2116 228 2154 esse
242 2102 310 2159 velit,
325 2101 390 2151 nihil
401 2107 484 2150 tamen
497 2102 570 2151 nobis
585 2103 632 2152 vita
648 2117 711 2166 opus
730 2117 786 2153 esse
803 2118 860 2153 oen-

91 2187 200 2231 seamus,
218 2186 296 2235 quum
308 2170 404 2232 indigni
416 2179 444 2220 ut
457 2171 641 2221 redimeremur
655 2174 749 2223 avobis
763 2175 810 2223 visi
822 2189 860 2224 su·

21 2294 25 2301 ,
91 2260 155 2295 mus.
168 2244 274 2299 Rediere
287 2245 386 2291 domam
398 2243 524 2304 quondam
537 2243 639 2292 remissi
658 2259 672 2291 a
692 2244 786 2306 Pyrrho
808 2245 859 2297 siue

91 2315 173 2378 pretio
179 2314 259 2377 capti;
275 2313 318 2362 sed
329 2311 429 2362 rediere
441 2325 501 2362 cum
514 2311 617 2373 legatis,
632 2313 790 2376 primoribus
802 2317 864 2365 civi-

91 2387 158 2444 tatis,
165 2385 196 2434 ad
211 2382 430 2432 redimendossese
443 2382 536 2431 missis.
545 2382 654 2433 Redeam
667 2398 713 2446 ego
722 2385 748 2434 in
755 2386 863 2447 patriam

92 2454 211 2505 trecentis
225 2453 334 2502 nummis
343 2466 393 2503 nou
405 2452 543 2502 aestimatus
557 2453 592 2515 (5)
606 2453 687 2503 civis?
699 2456 776 2504 Suum
790 2456 863 2517 quis-

92 2538 141 2587 que
154 2525 229 2573 habet
240 2524 361 2581 animum,
374 2524 458 2572 Patres
472 2522 619 2585 conscripti.
632 2524 686 2574 Scio
699 2523 726 2573 in
735 2524 863 2574 discrimi-

92 2608 125 2646 ne
134 2608 190 2645 esse
200 2593 276 2643 vitam
285 2607 426 2657 corpusque
439 2606 524 2643 meum
538 2609 544 2642 :
559 2594 641 2657 magis
651 2607 692 2644 me
709 2594 780 2644 famae
793 2597 862 2658 peri·

91 2767 122 2800 eu
136 2754 164 2798 lit
179 2766 186 2797 a
205 2752 384 2797 Premendorum
399 2764 465 2807 rupe·
491 2755 577 2805 motae,
589 2752 643 2808 juge
656 2766 684 2797 ne
698 2752 864 2808 pasvaloirssoo

92 2817 186 2863 tionem
191 2818 245 2859 arte
252 2813 465 2858 mcectolletat.-
492 2820 597 2857 sesterces
607 2814 739 2869 (equivalent
750 2812 863 2858 d'envirou

88 2879 110 2922 3.
123 2876 465 2934 Prmnlisnummicnonaesti-
492 2875 587 2930 utum).
640 2904 643 2913 .
