1904 3216
53 2958 70 3017 t

121 173 168 225 4⁵8
427 173 592 226 oportunus

123 287 407 350 utmaneretintegrum‚
415 289 436 338 si
446 291 544 352 quanm
548 291 687 354 respublica
692 292 898 356 consiliiaeguia-

122 366 168 411 set.
175 358 243 416 Quod
250 358 324 408 hodie
331 359 421 415 evenit,
432 360 557 408 consulari
565 360 620 409 viro
632 360 697 410 domi
705 362 899 415 suaeinterteoto

121 447 167 495 per
182 430 287 480 insidias
299 428 409 486 serviles,
423 442 486 491 quas
498 431 707 492 nemoprohibuit
719 439 763 481 aut
773 433 897 495 prodidit,

122 501 235 565 quamvis
245 500 353 548 nondum
365 513 483 548 concusso
494 501 708 551 senatusconsulto
720 503 788 565 quod
797 505 899 568 suppli-

123 573 187 622 oium
197 570 242 621 toti
249 570 350 619 familiae
359 570 528 619 minitabatur.
538 571 676 628 Decernite,
687 573 798 631 hercule,
811 574 899 638 impu·

121 644 233 700 nitatem,
241 640 511 704 utquemdignitassua
528 642 898 705 defendat,quumpraefootura

121 714 196 764 Urbis
209 726 258 762 non
269 711 407 774 profuerit!
419 724 494 772 quem
503 725 622 760 numerus
630 726 758 762 servorum
770 714 900 775 tuebitur,

121 797 200 846 quum
215 781 349 830 Pedanium
366 781 507 830 Secundum
526 780 702 842 quadringenti
718 796 768 830 non
782 790 900 844 prorue

121 854 191 904 rint?
200 853 241 903 cui
252 852 345 900 familia
357 848 430 913 o'pem
440 852 512 906 ieret,
522 864 578 912 quae
587 865 618 899 ne
628 852 654 899 in
659 859 729 902 metu
735 853 839 915 quidem
851 869 900 919 pe·

121 925 201 975 ricula
207 931 294 972 nostra
307 922 432 971 advertit?
440 925 485 978 in,
495 927 523 969 ut
529 921 630 983 quidam
638 922 732 984 tingere
743 937 793 972 non
804 927 900 976 erube-

120 1001 202 1050 scunt,
211 992 315 1055 injurias
323 992 451 1040 suasultus
459 996 498 1039 est
508 989 655 1041 interfector
665 993 678 1040 ‘t
688 992 745 1055 quia
754 993 900 1057 deputem

121 1063 227 1128 pecunia
240 1068 405 1123 transegerat,
418 1067 462 1110 aut
474 1060 568 1109 avitum
582 1061 735 1124 mancipium
747 1063 901 1116 oenanda-

120 1143 164 1186 tur
174 1133 227 1200 iti?
236 1132 426 1196 pronuntiemus
432 1132 500 1181 uitro
507 1130 697 1194 dominumjure
705 1135 898 1187 caesumrideri.

151 1210 222 1261 Libet
234 1215 380 1268 argumenta
395 1207 545 1268 conquirere
560 1206 587 1255 in
605 1221 642 1265 eo,
656 1205 723 1269 quod
734 1207 901 1270 sapientiori-

120 1283 168 1332 bus
183 1279 215 1344 (ὅ)
228 1278 393 1327 deliberatum
402 1277 462 1326 est?
471 1277 514 1326 sed
527 1282 551 1325 et
562 1277 584 1326 si
590 1291 656 1327 nunc
667 1277 777 1340 primum
783 1284 900 1331 statuen-

120 1353 181 1401 dum
191 1351 350 1404 haberemus,
365 1348 497 1397 creditisne
507 1361 608 1396 servum
618 1347 786 1398 interficiendi
796 1350 899 1402 domini

120 1423 233 1472 animum
245 1419 416 1482 insumpsisse,
422 1425 504 1467 utnon
517 1432 563 1467 vox
577 1419 662 1467 minax
674 1419 819 1469 excideret?
830 1419 900 1472 nibil

121 1491 335 1555 pertemeritatem
343 1489 554 1551 proloqueretur?
566 1490 766 1539 Saneconsilium
773 1491 899 1543 occuluit,

123 1565 200 1613 tetum
216 1563 281 1611 inter
288 1562 387 1624 ignaros
398 1561 493 1622 paravit
503 1577 508 1607 :
519 1574 580 1609 num
592 1560 707 1609 excubias
718 1559 751 1623 td)
761 1562 901 1615 transiret?

122 1633 231 1684 cubiculi
244 1634 310 1681 tores
320 1631 466 1688 recluderet,
481 1632 566 1680 lumen
579 1632 690 1691 interret,
704 1630 795 1679 caedem
810 1641 900 1695 patra·

121 1709 161 1752 ret
175 1702 291 1751 omnibus
297 1700 388 1750 nesciis
398 1702 412 1749 ?
422 1701 494 1749 itulta
507 1700 610 1749 sceleris
619 1698 712 1748 indicia
720 1701 898 1761 preveniunt:

121 1773 187 1823 servi
200 1773 221 1822 si
237 1772 342 1835 prodant
357 1772 399 1833 (5),
413 1785 545 1834 possumus
557 1769 724 1831 singuiiinter
735 1769 835 1832 plures,
847 1775 899 1824 tuti

122 1847 188 1895 inter
205 1844 289 1894 anxios
301 1843 342 1907 (d),
355 1850 489 1905 postremo,
505 1841 527 1891 si
538 1841 695 1905 pereundum
705 1840 747 1897 sit,
758 1854 811 1893 non
820 1843 899 1896 inulti

122 1918 188 1966 inter
202 1921 320 1964 nocentes
330 1927 411 1976 agere.

120 2093 287 2153 praeeminebat
300 2090 391 2146 peritia
408 2091 492 2144 teqnm.
520 2091 561 2132 bas
572 2105 579 2132 :
591 2103 616 2133 ce
635 2097 683 2133 sont
702 2090 733 2133 les
749 2089 841 2135 ancient
855 2091 902 2137 no-

122 2156 173 2198 -2,
183 2151 494 2208 Quindepoternapecunia
520 2153 590 2194 mains
601 2166 645 2207 que
657 2153 743 2195 Cassius
754 2150 848 2207 designa
858 2168 901 2212 par

123 2212 494 2271 trauseqerotautoritamman·
520 2213 900 2270 sapientiorestsent.aobis).-

122 2278 211 2333 ciprum
226 2271 414 2318 detrahebatur?
431 2272 447 2312 li
460 2272 493 2326 n'y
519 2274 539 2315 t.
554 2274 668 2324 Excubiae,
691 2275 724 2317 les
741 2277 840 2319 enotares
857 2280 900 2332 qui

123 2354 134 2383 a
144 2350 236 2395 presque
248 2349 287 2392 pas
296 2348 327 2377 un
342 2341 387 2376 mot
399 2334 425 2376 de
437 2340 494 2376 cette
520 2337 674 2379 veiiiaienttata
683 2342 745 2391 porte
753 2335 808 2378 dela
819 2337 901 2382 ciram·

124 2403 199 2457 phrase
218 2399 255 2454 qui
281 2410 309 2439 ne
327 2398 370 2439 soit
384 2396 492 2449 ironique.
519 2397 577 2441 bret
592 2400 686 2442 couchcr
696 2399 726 2441 du
736 2399 823 2440 maitre.
838 2399 900 2443 -5,

123 2464 180 2506 Dans
192 2463 212 2505 la
221 2461 279 2504 droit
291 2460 384 2509 romain,
394 2458 493 2500 l'esctavc
519 2461 631 2511 Prodeant,
644 2466 718 2503 seut.
726 2471 782 2510 rem,
791 2457 900 2505 insidias

124 2525 204 2568 n'avait
214 2536 251 2579 pas
259 2523 286 2565 de
300 2523 399 2576 peropus
408 2521 491 2570 d'uieu13
519 2522 622 2564 aliorum
629 2532 756 2565 servorum.
767 2542 788 2551 --
798 2519 820 2563 6.
829 2522 901 2567 inter

123 2588 138 2630 il
154 2582 493 2637 n'avaittedroitntdeposse-
520 2585 617 2634 atterius,
641 2589 716 2626 s.-ent.
741 2592 770 2624 ne
799 2580 900 2629 domim

123 2649 161 2692 der
176 2649 198 2690 ni
214 2648 331 2696 d'irdriter;
346 2646 359 2688 ii
370 2658 398 2688 ne
409 2646 494 2700 pouvait
520 2645 578 2699 qnid
605 2645 704 2688 occidat.
730 2642 778 2692 Gar,
807 2654 901 2690 comme

123 2714 193 2754 meme
207 2712 283 2754 truiter
293 2709 493 2763 (transiqereturec
521 2706 592 2749 Tacite
600 2706 621 2748 tc
635 2707 667 2748 dit
679 2705 727 2760 plus
736 2704 791 2747 baut
801 2703 868 2759 (dans
877 2706 900 2752 ia

123 2786 153 2815 un
168 2774 254 2815 homme
278 2771 333 2812 libre
355 2783 397 2825 que
421 2768 493 2824 parta
520 2769 591 2821 ro'cit),
605 2769 676 2822 quand
689 2780 718 2809 un
732 2765 900 2822 mnitreapdri

122 2837 241 2880 boucireou
253 2848 291 2877 atur
301 2834 459 2875 l'autorisntion
467 2830 492 2873 de
521 2830 548 2872 de
561 2831 581 2872 la
592 2831 649 2871 main
658 2842 688 2872 ou
697 2840 737 2884 par
753 2828 773 2871 ie
787 2827 831 2875 mit
842 2829 899 2876 d'un

116 2908 158 2943 ton
169 2898 258 2943 maitre.
272 2919 297 2927 -
308 2894 328 2938 ὅ.
340 2892 493 2952 sapientiora·
520 2890 546 2934 de
563 2903 597 2933 ses
612 2889 715 2940 est-tures,
726 2895 775 2933 tous
788 2900 842 2935 suus
858 2902 900 2939 η.
