<?xml version="1.0" encoding="UTF-8"?>
<!DOCTYPE html PUBLIC "-//W3C//DTD XHTML 1.0 Transitional//EN"
    "http://www.w3.org/TR/xhtml1/DTD/xhtml1-transitional.dtd">
<html xmlns="http://www.w3.org/1999/xhtml" xml:lang="en" lang="en">
 <head>
  <title>
</title>
<meta http-equiv="Content-Type" content="text/html;charset=utf-8" />
  <meta name='ocr-system' content='tesseract 3.04.00' />
  <meta name='ocr-capabilities' content='ocr_page ocr_carea ocr_par ocr_line ocrx_word'/>
</head>
<body>
  <div class='ocr_page' id='page_1' title='image "./concionessiveor00unkngoog_0069.png"; bbox 0 0 1904 3216; ppageno 0'>
   <div class='ocr_carea' id='block_1_1' title="bbox 96 149 564 203">
    <p class='ocr_par' dir='ltr' id='par_1_1' title="bbox 96 149 564 203">
     <span class='ocr_line' id='line_1_1' title="bbox 96 149 564 203; baseline -0.002 1"><span class='ocrx_word' id='word_1_1' title='bbox 96 149 127 197; x_wconf 84' lang='lat'>58</span> <span class='ocrx_word' id='word_1_2' title='bbox 145 176 146 179; x_wconf 44' lang='lat'>¹</span> <span class='ocrx_word' id='word_1_3' title='bbox 402 153 564 203; x_wconf 73' lang='lat' dir='ltr'><strong>ORATIONES</strong></span> 
     </span>
    </p>
   </div>
   <div class='ocr_carea' id='block_1_2' title="bbox 93 263 869 960">
    <p class='ocr_par' dir='ltr' id='par_1_2' title="bbox 93 263 869 960">
     <span class='ocr_line' id='line_1_2' title="bbox 96 263 869 333; baseline 0.018 -23"><span class='ocrx_word' id='word_1_4' title='bbox 96 263 175 324; x_wconf 85' lang='lat' dir='ltr'>patria</span> <span class='ocrx_word' id='word_1_5' title='bbox 186 265 309 314; x_wconf 83' lang='lat' dir='ltr'><strong>Gallorum</strong></span> <span class='ocrx_word' id='word_1_6' title='bbox 319 265 427 326; x_wconf 82' lang='lat' dir='ltr'><strong>legiones</strong></span> <span class='ocrx_word' id='word_1_7' title='bbox 437 281 510 315; x_wconf 74' lang='lat' dir='ltr'>caesas</span> <span class='ocrx_word' id='word_1_8' title='bbox 521 268 632 328; x_wconf 68' lang='lat' dir='ltr'>taceam),</span> <span class='ocrx_word' id='word_1_9' title='bbox 644 271 715 320; x_wconf 89' lang='lat' dir='ltr'>modo</span> <span class='ocrx_word' id='word_1_10' title='bbox 727 274 869 333; x_wconf 80' lang='lat' dir='ltr'>trigemiuae</span> 
     </span>
     <span class='ocr_line' id='line_1_3' title="bbox 95 334 868 403; baseline 0.017 -22"><span class='ocrx_word' id='word_1_11' title='bbox 95 334 202 382; x_wconf 82' lang='lat' dir='ltr'>victoriae</span> <span class='ocrx_word' id='word_1_12' title='bbox 226 335 351 396; x_wconf 83' lang='lat' dir='ltr'>triplicem</span> <span class='ocrx_word' id='word_1_13' title='bbox 371 337 526 398; x_wconf 80' lang='lat' dir='ltr'>triumphum</span> <span class='ocrx_word' id='word_1_14' title='bbox 545 353 574 387; x_wconf 85' lang='lat' dir='ltr'>ex</span> <span class='ocrx_word' id='word_1_15' title='bbox 596 340 627 388; x_wconf 92' lang='lat' dir='ltr'>iis</span> <span class='ocrx_word' id='word_1_16' title='bbox 644 341 705 403; x_wconf 88' lang='lat' dir='ltr'>ipsis</span> <span class='ocrx_word' id='word_1_17' title='bbox 728 342 820 393; x_wconf 80' lang='lat' dir='ltr'>Volscis</span> <span class='ocrx_word' id='word_1_18' title='bbox 843 352 868 395; x_wconf 90' lang='lat' dir='ltr'>et</span> 
     </span>
     <span class='ocr_line' id='line_1_4' title="bbox 95 404 869 473; baseline 0.016 -20"><span class='ocrx_word' id='word_1_19' title='bbox 95 404 211 466; x_wconf 82' lang='lat' dir='ltr'>AEquiset</span> <span class='ocrx_word' id='word_1_20' title='bbox 231 419 259 454; x_wconf 83' lang='lat' dir='ltr'>ex</span> <span class='ocrx_word' id='word_1_21' title='bbox 271 405 366 455; x_wconf 80' lang='lat' dir='ltr'>Etruria</span> <span class='ocrx_word' id='word_1_22' title='bbox 382 409 475 467; x_wconf 62' lang='lat' dir='ltr'>egistis,</span> <span class='ocrx_word' id='word_1_23' title='bbox 490 411 523 456; x_wconf 87' lang='lat' dir='ltr'>ltu</span> <span class='ocrx_word' id='word_1_24' title='bbox 543 423 590 469; x_wconf 90' lang='lat' dir='ltr'>me,</span> <span class='ocrx_word' id='word_1_25' title='bbox 610 413 675 473; x_wconf 90' lang='lat' dir='ltr'>qnod</span> <span class='ocrx_word' id='word_1_26' title='bbox 689 427 738 461; x_wconf 90' lang='lat' dir='ltr'>uon</span> <span class='ocrx_word' id='word_1_27' title='bbox 760 415 869 465; x_wconf 82' lang='lat' dir='ltr'>dictator</span> 
     </span>
     <span class='ocr_line' id='line_1_5' title="bbox 95 476 868 543; baseline 0.019 -20"><span class='ocrx_word' id='word_1_28' title='bbox 95 476 173 532; x_wconf 77' lang='lat' dir='ltr'>vobio,</span> <span class='ocrx_word' id='word_1_29' title='bbox 191 477 231 524; x_wconf 80' lang='lat' dir='ltr'>scd</span> <span class='ocrx_word' id='word_1_30' title='bbox 243 477 361 526; x_wconf 84' lang='lat' dir='ltr'>tribunus</span> <span class='ocrx_word' id='word_1_31' title='bbox 371 480 469 539; x_wconf 77' lang='lat' dir='ltr'>siguum</span> <span class='ocrx_word' id='word_1_32' title='bbox 483 479 547 537; x_wconf 88' lang='lat' dir='ltr'>dedi,</span> <span class='ocrx_word' id='word_1_33' title='bbox 559 495 606 530; x_wconf 90' lang='lat' dir='ltr'>uon</span> <span class='ocrx_word' id='word_1_34' title='bbox 622 485 753 543; x_wconf 75' lang='lat' dir='ltr'><strong>agnoscitis</strong></span> <span class='ocrx_word' id='word_1_35' title='bbox 762 486 868 538; x_wconf 82' lang='lat' dir='ltr'>duceml</span> 
     </span>
     <span class='ocr_line' id='line_1_6' title="bbox 95 545 868 612; baseline 0.021 -20"><span class='ocrx_word' id='word_1_36' title='bbox 95 545 179 607; x_wconf 83' lang='lat' dir='ltr'>Neque</span> <span class='ocrx_word' id='word_1_37' title='bbox 197 560 244 608; x_wconf 82' lang='lat' dir='ltr'>ego</span> <span class='ocrx_word' id='word_1_38' title='bbox 257 549 364 596; x_wconf 85' lang='lat' dir='ltr'>maxima</span> <span class='ocrx_word' id='word_1_39' title='bbox 378 549 481 611; x_wconf 87' lang='lat' dir='ltr'>imperia</span> <span class='ocrx_word' id='word_1_40' title='bbox 496 550 522 598; x_wconf 89' lang='lat' dir='ltr'>in</span> <span class='ocrx_word' id='word_1_41' title='bbox 538 565 580 600; x_wconf 81' lang='lat' dir='ltr'>uos</span> <span class='ocrx_word' id='word_1_42' title='bbox 597 552 724 612; x_wconf 62' lang='lat' dir='ltr'>desideum</span> <span class='ocrx_word' id='word_1_43' title='bbox 748 564 773 605; x_wconf 88' lang='lat' dir='ltr'>et</span> <span class='ocrx_word' id='word_1_44' title='bbox 784 571 828 606; x_wconf 87' lang='lat' dir='ltr'>vos</span> <span class='ocrx_word' id='word_1_45' title='bbox 841 559 868 607; x_wconf 90' lang='lat' dir='ltr'>in</span> 
     </span>
     <span class='ocr_line' id='line_1_7' title="bbox 94 615 865 686; baseline 0.013 -22"><span class='ocrx_word' id='word_1_46' title='bbox 94 628 135 664; x_wconf 87' lang='lat' dir='ltr'>me</span> <span class='ocrx_word' id='word_1_47' title='bbox 148 615 210 664; x_wconf 87' lang='lat' dir='ltr'>nihil</span> <span class='ocrx_word' id='word_1_48' title='bbox 229 621 374 677; x_wconf 79' lang='lat' dir='ltr'>praeter&#39;me</span> <span class='ocrx_word' id='word_1_49' title='bbox 389 620 470 679; x_wconf 89' lang='lat' dir='ltr'>ipsum</span> <span class='ocrx_word' id='word_1_50' title='bbox 484 618 575 669; x_wconf 84' lang='lat' dir='ltr'>intueri</span> <span class='ocrx_word' id='word_1_51' title='bbox 591 621 660 670; x_wconf 86' lang='lat' dir='ltr'>decet</span> <span class='ocrx_word' id='word_1_52' title='bbox 678 636 684 669; x_wconf 76' lang='grc' dir='ltr'><em>τ</em></span> <span class='ocrx_word' id='word_1_53' title='bbox 701 637 782 686; x_wconf 84' lang='lat' dir='ltr'>neque</span> <span class='ocrx_word' id='word_1_54' title='bbox 798 625 865 674; x_wconf 84' lang='lat' dir='ltr'>enim</span> 
     </span>
     <span class='ocr_line' id='line_1_8' title="bbox 94 685 868 756; baseline 0.014 -23"><span class='ocrx_word' id='word_1_55' title='bbox 94 685 215 735; x_wconf 85' lang='lat' dir='ltr'>dictatura</span> <span class='ocrx_word' id='word_1_56' title='bbox 229 687 290 735; x_wconf 84' lang='lat' dir='ltr'>milii</span> <span class='ocrx_word' id='word_1_57' title='bbox 305 701 413 749; x_wconf 86' lang='lat' dir='ltr'>unquam</span> <span class='ocrx_word' id='word_1_58' title='bbox 427 689 522 738; x_wconf 75' lang='lat' dir='ltr'>:mimos</span> <span class='ocrx_word' id='word_1_59' title='bbox 535 689 601 746; x_wconf 84' lang='lat' dir='ltr'>lecit,</span> <span class='ocrx_word' id='word_1_60' title='bbox 613 698 642 738; x_wconf 89' lang='lat' dir='ltr'>ut</span> <span class='ocrx_word' id='word_1_61' title='bbox 652 704 684 738; x_wconf 90' lang='lat' dir='ltr'>ne</span> <span class='ocrx_word' id='word_1_62' title='bbox 694 692 793 740; x_wconf 86' lang='lat' dir='ltr'>exilium</span> <span class='ocrx_word' id='word_1_63' title='bbox 808 696 868 756; x_wconf 81' lang='lat' dir='ltr'>qui·</span> 
     </span>
     <span class='ocr_line' id='line_1_9' title="bbox 94 756 863 822; baseline 0.01 -18"><span class='ocrx_word' id='word_1_64' title='bbox 94 756 150 805; x_wconf 88' lang='lat' dir='ltr'>dem</span> <span class='ocrx_word' id='word_1_65' title='bbox 164 756 262 805; x_wconf 83' lang='lat' dir='ltr'>ademit.</span> <span class='ocrx_word' id='word_1_66' title='bbox 273 756 347 806; x_wconf 91' lang='lat' dir='ltr'>tidem</span> <span class='ocrx_word' id='word_1_67' title='bbox 357 757 435 818; x_wconf 82' lang='lat' dir='ltr'>igitur</span> <span class='ocrx_word' id='word_1_68' title='bbox 444 773 530 807; x_wconf 86' lang='lat' dir='ltr'>omnes</span> <span class='ocrx_word' id='word_1_69' title='bbox 541 773 641 818; x_wconf 90' lang='lat' dir='ltr'>sumus;</span> <span class='ocrx_word' id='word_1_70' title='bbox 652 768 676 810; x_wconf 87' lang='lat' dir='ltr'>et</span> <span class='ocrx_word' id='word_1_71' title='bbox 687 775 766 822; x_wconf 88' lang='lat' dir='ltr'>quum</span> <span class='ocrx_word' id='word_1_72' title='bbox 779 763 863 813; x_wconf 86' lang='lat' dir='ltr'>eadem</span> 
     </span>
     <span class='ocr_line' id='line_1_10' title="bbox 94 826 863 892; baseline 0.01 -19"><span class='ocrx_word' id='word_1_73' title='bbox 94 826 176 874; x_wconf 88' lang='lat' dir='ltr'>omnia</span> <span class='ocrx_word' id='word_1_74' title='bbox 190 827 215 873; x_wconf 90' lang='lat' dir='ltr'>iu</span> <span class='ocrx_word' id='word_1_75' title='bbox 224 826 270 874; x_wconf 93' lang='lat' dir='ltr'>hoc</span> <span class='ocrx_word' id='word_1_76' title='bbox 282 826 514 876; x_wconf 85' lang='lat' dir='ltr'>belluinatl&#39;eramus</span> <span class='ocrx_word' id='word_1_77' title='bbox 527 829 616 889; x_wconf 81' lang='lat' dir='ltr'>quaein</span> <span class='ocrx_word' id='word_1_78' title='bbox 628 829 712 892; x_wconf 85' lang='lat' dir='ltr'>priona</span> <span class='ocrx_word' id='word_1_79' title='bbox 725 833 863 890; x_wconf 82' lang='lat' dir='ltr'>attulimus,</span> 
     </span>
     <span class='ocr_line' id='line_1_11' title="bbox 93 897 863 960; baseline 0.013 -17"><span class='ocrx_word' id='word_1_80' title='bbox 93 898 207 945; x_wconf 87' lang='lat' dir='ltr'>eumdem</span> <span class='ocrx_word' id='word_1_81' title='bbox 216 903 329 945; x_wconf 82' lang='lat' dir='ltr'>eventum</span> <span class='ocrx_word' id='word_1_82' title='bbox 339 897 395 946; x_wconf 93' lang='lat' dir='ltr'>belli</span> <span class='ocrx_word' id='word_1_83' title='bbox 404 903 583 960; x_wconf 75' lang='lat' dir='ltr'><strong>exspectemus.</strong></span> <span class='ocrx_word' id='word_1_84' title='bbox 591 898 669 955; x_wconf 88' lang='lat' dir='ltr'>Simul</span> <span class='ocrx_word' id='word_1_85' title='bbox 674 903 863 960; x_wconf 78' lang='lat' dir='ltr'>concurreritis,</span> 
     </span>
    </p>
   </div>
   <div class='ocr_carea' id='block_1_3' title="bbox 94 959 866 1094">
    <p class='ocr_par' dir='ltr' id='par_1_3' title="bbox 94 959 866 1094">
     <span class='ocr_line' id='line_1_12' title="bbox 94 959 866 1081; baseline 0.027 -73"><span class='ocrx_word' id='word_1_86' title='bbox 94 972 163 1081; x_wconf 54' lang='lat' dir='ltr'>:pliliold</span> <span class='ocrx_word' id='word_1_87' title='bbox 176 959 283 1081; x_wconf 55' lang='lat' dir='ltr'>quisttpue</span> <span class='ocrx_word' id='word_1_88' title='bbox 300 965 388 1016; x_wconf 88' lang='lat' dir='ltr'>didicit</span> <span class='ocrx_word' id='word_1_89' title='bbox 399 982 429 1018; x_wconf 88' lang='lat' dir='ltr'>ac</span> <span class='ocrx_word' id='word_1_90' title='bbox 438 972 575 1029; x_wconf 86' lang='lat' dir='ltr'>consuevit,</span> <span class='ocrx_word' id='word_1_91' title='bbox 591 973 681 1024; x_wconf 77' lang='lat' dir='ltr'>saciet:</span> <span class='ocrx_word' id='word_1_92' title='bbox 696 988 740 1024; x_wconf 78' lang='lat' dir='ltr'>vos</span> <span class='ocrx_word' id='word_1_93' title='bbox 752 975 866 1036; x_wconf 73' lang='lat' dir='ltr'>vinceti83</span> 
     </span>
     <span class='ocr_line' id='line_1_13' title="bbox 124 1047 251 1094; baseline 0.024 -14"><span class='ocrx_word' id='word_1_94' title='bbox 124 1047 131 1080; x_wconf 89' lang='lat'>1</span> <span class='ocrx_word' id='word_1_95' title='bbox 156 1048 229 1094; x_wconf 81' lang='lat' dir='ltr'>ugieu</span> <span class='ocrx_word' id='word_1_96' title='bbox 244 1070 251 1084; x_wconf 92' lang='lat'><strong>.</strong></span> 
     </span>
    </p>
   </div>
   <div class='ocr_carea' id='block_1_4' title="bbox 450 1166 504 1214">
    <p class='ocr_par' dir='ltr' id='par_1_4' title="bbox 450 1166 504 1214">
     <span class='ocr_line' id='line_1_14' title="bbox 450 1166 504 1214; baseline 0 0"><span class='ocrx_word' id='word_1_97' title='bbox 450 1166 504 1214; x_wconf 78' lang='lat' dir='ltr'>xlv</span> 
     </span>
    </p>
   </div>
   <div class='ocr_carea' id='block_1_5' title="bbox 92 1288 861 1422">
    <p class='ocr_par' dir='ltr' id='par_1_5' title="bbox 92 1288 861 1422">
     <span class='ocr_line' id='line_1_15' title="bbox 92 1288 861 1356; baseline -0.005 -14"><span class='ocrx_word' id='word_1_98' title='bbox 92 1293 148 1356; x_wconf 83' lang='lat' dir='ltr'>Cap.</span> <span class='ocrx_word' id='word_1_99' title='bbox 161 1293 196 1342; x_wconf 80' lang='lat'>¹5.</span> <span class='ocrx_word' id='word_1_100' title='bbox 210 1291 286 1343; x_wconf 81' lang='lat' dir='ltr'>Verba</span> <span class='ocrx_word' id='word_1_101' title='bbox 300 1290 328 1341; x_wconf 79' lang='lat' dir='ltr'>A.</span> <span class='ocrx_word' id='word_1_102' title='bbox 345 1289 455 1340; x_wconf 80' lang='lat' dir='ltr'>Cornelii</span> <span class='ocrx_word' id='word_1_103' title='bbox 465 1289 535 1339; x_wconf 75' lang='lat' dir='ltr'>Cossi</span> <span class='ocrx_word' id='word_1_104' title='bbox 545 1288 678 1337; x_wconf 79' lang='lat' dir='ltr'>dictororis</span> <span class='ocrx_word' id='word_1_105' title='bbox 692 1288 728 1337; x_wconf 81' lang='lat' dir='ltr'>ad</span> <span class='ocrx_word' id='word_1_106' title='bbox 737 1288 861 1338; x_wconf 76' lang='lat' dir='ltr'>Montium</span> 
     </span>
     <span class='ocr_line' id='line_1_16' title="bbox 316 1357 630 1422; baseline -0.003 -17"><span class='ocrx_word' id='word_1_107' title='bbox 316 1360 370 1422; x_wconf 77' lang='lat'>(370</span> <span class='ocrx_word' id='word_1_108' title='bbox 382 1361 421 1416; x_wconf 84' lang='lat' dir='ltr'>R„</span> <span class='ocrx_word' id='word_1_109' title='bbox 441 1359 487 1407; x_wconf 69' lang='lat'>582</span> <span class='ocrx_word' id='word_1_110' title='bbox 505 1375 543 1408; x_wconf 86' lang='lat' dir='ltr'>av.</span> <span class='ocrx_word' id='word_1_111' title='bbox 554 1357 630 1420; x_wconf 79' lang='lat' dir='ltr'>t.-c,)</span> 
     </span>
    </p>
   </div>
   <div class='ocr_carea' id='block_1_6' title="bbox 89 1480 864 1886">
    <p class='ocr_par' dir='ltr' id='par_1_6' title="bbox 89 1480 864 1886">
     <span class='ocr_line' id='line_1_17' title="bbox 113 1480 863 1532; baseline 0 -12"><span class='ocrx_word' id='word_1_112' title='bbox 113 1484 194 1522; x_wconf 69' lang='lat' dir='ltr'>cantius</span> <span class='ocrx_word' id='word_1_113' title='bbox 203 1482 319 1530; x_wconf 82' lang='lat' dir='ltr'>capitolinus</span> <span class='ocrx_word' id='word_1_114' title='bbox 328 1481 363 1519; x_wconf 88' lang='lat' dir='ltr'>ubi</span> <span class='ocrx_word' id='word_1_115' title='bbox 370 1483 420 1519; x_wconf 83' lang='lat' dir='ltr'>inter</span> <span class='ocrx_word' id='word_1_116' title='bbox 430 1481 504 1532; x_wconf 63' lang='lat' dir='ltr'>latres,</span> <span class='ocrx_word' id='word_1_117' title='bbox 514 1491 551 1518; x_wconf 89' lang='lat' dir='ltr'>uon</span> <span class='ocrx_word' id='word_1_118' title='bbox 567 1484 662 1528; x_wconf 81' lang='lat' dir='ltr'>quantum</span> <span class='ocrx_word' id='word_1_119' title='bbox 672 1490 750 1528; x_wconf 69' lang='lat' dir='ltr'>equum</span> <span class='ocrx_word' id='word_1_120' title='bbox 763 1480 863 1524; x_wconf 74' lang='lat' dir='ltr'>censebat,</span> 
     </span>
     <span class='ocr_line' id='line_1_18' title="bbox 91 1525 864 1576; baseline -0.003 -10"><span class='ocrx_word' id='word_1_121' title='bbox 91 1528 241 1566; x_wconf 76' lang='lat' dir='ltr'>excelleremus</span> <span class='ocrx_word' id='word_1_122' title='bbox 250 1537 298 1573; x_wconf 82' lang='lat' dir='ltr'>opes</span> <span class='ocrx_word' id='word_1_123' title='bbox 313 1527 456 1576; x_wconf 72' lang='lat' dir='ltr'>animadvertit,</span> <span class='ocrx_word' id='word_1_124' title='bbox 464 1525 488 1563; x_wconf 84' lang='lat' dir='ltr'>ad</span> <span class='ocrx_word' id='word_1_125' title='bbox 496 1530 614 1573; x_wconf 75' lang='lat' dir='ltr'>captandum</span> <span class='ocrx_word' id='word_1_126' title='bbox 625 1528 710 1562; x_wconf 71' lang='lat' dir='ltr'>tatonem</span> <span class='ocrx_word' id='word_1_127' title='bbox 721 1527 784 1572; x_wconf 80' lang='lat' dir='ltr'>piebis</span> <span class='ocrx_word' id='word_1_128' title='bbox 791 1527 864 1572; x_wconf 71' lang='lat' dir='ltr'>adjecit</span> 
     </span>
     <span class='ocr_line' id='line_1_19' title="bbox 91 1569 862 1619; baseline -0.001 -10"><span class='ocrx_word' id='word_1_129' title='bbox 91 1573 182 1609; x_wconf 86' lang='lat' dir='ltr'>animum.</span> <span class='ocrx_word' id='word_1_130' title='bbox 193 1573 268 1619; x_wconf 84' lang='lat' dir='ltr'>ltaque.</span> <span class='ocrx_word' id='word_1_131' title='bbox 279 1572 332 1617; x_wconf 81' lang='lat' dir='ltr'>quod</span> <span class='ocrx_word' id='word_1_132' title='bbox 340 1580 408 1618; x_wconf 78' lang='lat' dir='ltr'>magua</span> <span class='ocrx_word' id='word_1_133' title='bbox 423 1579 452 1606; x_wconf 85' lang='lat' dir='ltr'>vis</span> <span class='ocrx_word' id='word_1_134' title='bbox 468 1571 515 1607; x_wconf 81' lang='lat' dir='ltr'>aeris</span> <span class='ocrx_word' id='word_1_135' title='bbox 529 1570 586 1607; x_wconf 87' lang='lat' dir='ltr'>alieui</span> <span class='ocrx_word' id='word_1_136' title='bbox 596 1569 719 1607; x_wconf 73' lang='lat' dir='ltr'>noemi-anda</span> <span class='ocrx_word' id='word_1_137' title='bbox 736 1571 761 1608; x_wconf 84' lang='lat' dir='ltr'>ab</span> <span class='ocrx_word' id='word_1_138' title='bbox 771 1569 862 1608; x_wconf 82' lang='lat' dir='ltr'>incendio</span> 
     </span>
     <span class='ocr_line' id='line_1_20' title="bbox 90 1613 863 1666; baseline -0.003 -12"><span class='ocrx_word' id='word_1_139' title='bbox 90 1617 163 1666; x_wconf 81' lang='lat' dir='ltr'>Gallico</span> <span class='ocrx_word' id='word_1_140' title='bbox 173 1617 221 1654; x_wconf 81' lang='lat' dir='ltr'>urbe</span> <span class='ocrx_word' id='word_1_141' title='bbox 228 1618 328 1652; x_wconf 82' lang='lat' dir='ltr'>contracta</span> <span class='ocrx_word' id='word_1_142' title='bbox 337 1618 407 1656; x_wconf 77' lang='lat' dir='ltr'>tuerat.</span> <span class='ocrx_word' id='word_1_143' title='bbox 415 1658 418 1664; x_wconf 33' lang='grc' dir='ltr'>Ι</span> <span class='ocrx_word' id='word_1_144' title='bbox 426 1614 477 1652; x_wconf 88' lang='lat' dir='ltr'>domi</span> <span class='ocrx_word' id='word_1_145' title='bbox 493 1616 543 1652; x_wconf 82' lang='lat' dir='ltr'>iuter</span> <span class='ocrx_word' id='word_1_146' title='bbox 557 1624 601 1650; x_wconf 78' lang='lat' dir='ltr'>suos</span> <span class='ocrx_word' id='word_1_147' title='bbox 615 1613 671 1656; x_wconf 73' lang='lat' dir='ltr'>tecit.</span> <span class='ocrx_word' id='word_1_148' title='bbox 681 1624 757 1658; x_wconf 81' lang='lat' dir='ltr'>atinum,</span> <span class='ocrx_word' id='word_1_149' title='bbox 773 1615 826 1658; x_wconf 83' lang='lat' dir='ltr'>ouod</span> <span class='ocrx_word' id='word_1_150' title='bbox 836 1614 863 1652; x_wconf 81' lang='lat' dir='ltr'>nd</span> 
     </span>
     <span class='ocr_line' id='line_1_21' title="bbox 91 1658 861 1698; baseline -0.004 0"><span class='ocrx_word' id='word_1_151' title='bbox 91 1661 245 1698; x_wconf 69' lang='lat' dir='ltr'>redimendam</span> <span class='ocrx_word' id='word_1_152' title='bbox 261 1661 318 1696; x_wconf 75' lang='lat' dir='ltr'>Gallis</span> <span class='ocrx_word' id='word_1_153' title='bbox 336 1658 403 1697; x_wconf 79' lang='lat' dir='ltr'>unbem</span> <span class='ocrx_word' id='word_1_154' title='bbox 414 1669 432 1695; x_wconf 85' lang='lat' dir='ltr'>tu</span> <span class='ocrx_word' id='word_1_155' title='bbox 451 1659 536 1696; x_wconf 83' lang='lat' dir='ltr'>medium</span> <span class='ocrx_word' id='word_1_156' title='bbox 557 1658 647 1698; x_wconf 86' lang='lat' dir='ltr'>collatum</span> <span class='ocrx_word' id='word_1_157' title='bbox 660 1658 751 1697; x_wconf 69' lang='lat' dir='ltr'>literato</span> <span class='ocrx_word' id='word_1_158' title='bbox 769 1659 861 1695; x_wconf 71' lang='lat' dir='ltr'>Patribus</span> 
     </span>
     <span class='ocr_line' id='line_1_22' title="bbox 90 1701 862 1751; baseline -0.004 -10"><span class='ocrx_word' id='word_1_159' title='bbox 90 1705 184 1742; x_wconf 75' lang='lat' dir='ltr'>occultari</span> <span class='ocrx_word' id='word_1_160' title='bbox 193 1717 198 1745; x_wconf 83' lang='lat'>;</span> <span class='ocrx_word' id='word_1_161' title='bbox 208 1704 253 1741; x_wconf 88' lang='lat' dir='ltr'>inde</span> <span class='ocrx_word' id='word_1_162' title='bbox 263 1705 337 1751; x_wconf 74' lang='lat' dir='ltr'>plebem</span> <span class='ocrx_word' id='word_1_163' title='bbox 347 1713 386 1741; x_wconf 72' lang='lat' dir='ltr'>aire</span> <span class='ocrx_word' id='word_1_164' title='bbox 396 1701 459 1739; x_wconf 82' lang='lat' dir='ltr'>alieuo</span> <span class='ocrx_word' id='word_1_165' title='bbox 469 1702 541 1740; x_wconf 81' lang='lat' dir='ltr'>exsolvi</span> <span class='ocrx_word' id='word_1_166' title='bbox 553 1712 615 1748; x_wconf 81' lang='lat' dir='ltr'>posse..</span> <span class='ocrx_word' id='word_1_167' title='bbox 629 1703 676 1745; x_wconf 80' lang='lat' dir='ltr'>Quae</span> <span class='ocrx_word' id='word_1_168' title='bbox 685 1711 730 1748; x_wconf 77' lang='lat' dir='ltr'>spes</span> <span class='ocrx_word' id='word_1_169' title='bbox 740 1701 862 1740; x_wconf 74' lang='lat' dir='ltr'>multitudini</span> 
     </span>
     <span class='ocr_line' id='line_1_23' title="bbox 89 1745 863 1799; baseline -0.005 -14"><span class='ocrx_word' id='word_1_170' title='bbox 89 1748 166 1799; x_wconf 83' lang='lat' dir='ltr'>objecta</span> <span class='ocrx_word' id='word_1_171' title='bbox 176 1758 265 1793; x_wconf 80' lang='lat' dir='ltr'>maguum</span> <span class='ocrx_word' id='word_1_172' title='bbox 277 1756 348 1785; x_wconf 82' lang='lat' dir='ltr'>motum</span> <span class='ocrx_word' id='word_1_173' title='bbox 365 1746 473 1796; x_wconf 73' lang='lat' dir='ltr'>auioiocutu</span> <span class='ocrx_word' id='word_1_174' title='bbox 482 1749 562 1784; x_wconf 72' lang='lat' dir='ltr'>tenenat.</span> <span class='ocrx_word' id='word_1_175' title='bbox 571 1748 622 1782; x_wconf 84' lang='lat' dir='ltr'>l&#39;uuc</span> <span class='ocrx_word' id='word_1_176' title='bbox 636 1751 656 1782; x_wconf 77' lang='grc' dir='ltr'>Α.</span> <span class='ocrx_word' id='word_1_177' title='bbox 671 1745 772 1783; x_wconf 74' lang='lat' dir='ltr'>Cornelius</span> <span class='ocrx_word' id='word_1_178' title='bbox 782 1746 863 1789; x_wconf 79' lang='lat' dir='ltr'>coesus,</span> 
     </span>
     <span class='ocr_line' id='line_1_24' title="bbox 91 1791 860 1838; baseline -0.001 -9"><span class='ocrx_word' id='word_1_179' title='bbox 91 1793 175 1830; x_wconf 67' lang='lat' dir='ltr'>dii-tutor</span> <span class='ocrx_word' id='word_1_180' title='bbox 185 1794 293 1838; x_wconf 53' lang='lat' dir='ltr'>praesertim</span> <span class='ocrx_word' id='word_1_181' title='bbox 312 1794 337 1829; x_wconf 93' lang='lat' dir='ltr'>ob</span> <span class='ocrx_word' id='word_1_182' title='bbox 345 1801 393 1829; x_wconf 87' lang='lat' dir='ltr'>nova</span> <span class='ocrx_word' id='word_1_183' title='bbox 403 1791 465 1827; x_wconf 86' lang='lat' dir='ltr'>llautu</span> <span class='ocrx_word' id='word_1_184' title='bbox 483 1791 560 1827; x_wconf 82' lang='lat' dir='ltr'>consilia</span> <span class='ocrx_word' id='word_1_185' title='bbox 571 1795 654 1834; x_wconf 73' lang='lat' dir='ltr'>creatus,</span> <span class='ocrx_word' id='word_1_186' title='bbox 663 1800 707 1826; x_wconf 84' lang='lat' dir='ltr'>eum</span> <span class='ocrx_word' id='word_1_187' title='bbox 716 1791 742 1828; x_wconf 89' lang='lat' dir='ltr'>ad</span> <span class='ocrx_word' id='word_1_188' title='bbox 758 1799 781 1828; x_wconf 75' lang='lat' dir='ltr'>se</span> <span class='ocrx_word' id='word_1_189' title='bbox 797 1793 860 1834; x_wconf 72' lang='lat' dir='ltr'>veut,</span> 
     </span>
     <span class='ocr_line' id='line_1_25' title="bbox 89 1833 723 1886; baseline -0.008 -12"><span class='ocrx_word' id='word_1_190' title='bbox 89 1837 186 1886; x_wconf 85' lang='lat' dir='ltr'>jubetque</span> <span class='ocrx_word' id='word_1_191' title='bbox 193 1836 281 1875; x_wconf 82' lang='lat' dir='ltr'>iudicare</span> <span class='ocrx_word' id='word_1_192' title='bbox 290 1836 367 1873; x_wconf 80' lang='lat' dir='ltr'>ubinam</span> <span class='ocrx_word' id='word_1_193' title='bbox 378 1835 463 1872; x_wconf 82' lang='lat' dir='ltr'>thesauri</span> <span class='ocrx_word' id='word_1_194' title='bbox 472 1835 500 1872; x_wconf 91' lang='lat' dir='ltr'>illi</span> <span class='ocrx_word' id='word_1_195' title='bbox 507 1833 575 1872; x_wconf 80' lang='lat' dir='ltr'>Gallici</span> <span class='ocrx_word' id='word_1_196' title='bbox 584 1836 723 1872; x_wconf 76' lang='lat' dir='ltr'>occultentur:</span> 
     </span>
    </p>
   </div>
   <div class='ocr_carea' id='block_1_7' title="bbox 89 1945 857 2137">
    <p class='ocr_par' dir='ltr' id='par_1_7' title="bbox 89 1945 857 2137">
     <span class='ocr_line' id='line_1_26' title="bbox 116 1945 857 2007; baseline -0.007 -12"><span class='ocrx_word' id='word_1_197' title='bbox 116 1951 138 1995; x_wconf 89' lang='lat' dir='ltr'>Si</span> <span class='ocrx_word' id='word_1_198' title='bbox 148 1952 180 1995; x_wconf 85' lang='lat' dir='ltr'>los</span> <span class='ocrx_word' id='word_1_199' title='bbox 189 1950 307 2007; x_wconf 73' lang='lat' dir='ltr'>patriciano</span> <span class='ocrx_word' id='word_1_200' title='bbox 315 1951 406 1993; x_wconf 81' lang='lat' dir='ltr'>cachant</span> <span class='ocrx_word' id='word_1_201' title='bbox 415 1951 453 1993; x_wconf 86' lang='lat' dir='ltr'>des</span> <span class='ocrx_word' id='word_1_202' title='bbox 463 1949 551 2000; x_wconf 65' lang='lat' dir='ltr'>trasone,</span> <span class='ocrx_word' id='word_1_203' title='bbox 562 1949 652 1990; x_wconf 87' lang='lat' dir='ltr'>llaulius</span> <span class='ocrx_word' id='word_1_204' title='bbox 666 1947 704 2002; x_wconf 89' lang='lat' dir='ltr'>qui</span> <span class='ocrx_word' id='word_1_205' title='bbox 723 1947 744 1989; x_wconf 82' lang='lat' dir='ltr'>le</span> <span class='ocrx_word' id='word_1_206' title='bbox 760 1946 800 1998; x_wconf 88' lang='lat' dir='ltr'>dit,</span> <span class='ocrx_word' id='word_1_207' title='bbox 810 1945 857 1990; x_wconf 82' lang='lat' dir='ltr'>doit</span> 
     </span>
     <span class='ocr_line' id='line_1_27' title="bbox 90 2006 857 2064; baseline -0.009 -6"><span class='ocrx_word' id='word_1_208' title='bbox 90 2015 123 2058; x_wconf 84' lang='lat' dir='ltr'>les</span> <span class='ocrx_word' id='word_1_209' title='bbox 132 2013 254 2057; x_wconf 72' lang='lat' dir='ltr'>doenum-iu.</span> <span class='ocrx_word' id='word_1_210' title='bbox 269 2013 324 2063; x_wconf 83' lang='lat' dir='ltr'>Qu&#39;il</span> <span class='ocrx_word' id='word_1_211' title='bbox 335 2013 356 2055; x_wconf 86' lang='lat' dir='ltr'>lo</span> <span class='ocrx_word' id='word_1_212' title='bbox 373 2012 429 2055; x_wconf 85' lang='lat' dir='ltr'>losse</span> <span class='ocrx_word' id='word_1_213' title='bbox 444 2012 506 2061; x_wconf 76' lang='lat' dir='ltr'>donc¹</span> <span class='ocrx_word' id='word_1_214' title='bbox 524 2011 586 2053; x_wconf 88' lang='lat' dir='ltr'>sinon</span> <span class='ocrx_word' id='word_1_215' title='bbox 602 2008 655 2064; x_wconf 87' lang='lat' dir='ltr'>qu&#39;il</span> <span class='ocrx_word' id='word_1_216' title='bbox 673 2009 716 2051; x_wconf 82' lang='lat' dir='ltr'>soit</span> <span class='ocrx_word' id='word_1_217' title='bbox 730 2007 812 2063; x_wconf 79' lang='lat' dir='ltr'>changd</span> <span class='ocrx_word' id='word_1_218' title='bbox 828 2006 857 2051; x_wconf 75' lang='lat' dir='ltr'>de</span> 
     </span>
     <span class='ocr_line' id='line_1_28' title="bbox 89 2072 695 2137; baseline -0.012 -19"><span class='ocrx_word' id='word_1_219' title='bbox 89 2075 134 2118; x_wconf 80' lang='lat' dir='ltr'><strong>fers</strong></span> <span class='ocrx_word' id='word_1_220' title='bbox 148 2088 232 2118; x_wconf 88' lang='lat' dir='ltr'>comme</span> <span class='ocrx_word' id='word_1_221' title='bbox 242 2076 347 2130; x_wconf 82' lang='lat' dir='ltr'>complice</span> <span class='ocrx_word' id='word_1_222' title='bbox 357 2086 386 2116; x_wconf 91' lang='lat' dir='ltr'>ou</span> <span class='ocrx_word' id='word_1_223' title='bbox 395 2086 479 2116; x_wconf 85' lang='lat' dir='ltr'>comme</span> <span class='ocrx_word' id='word_1_224' title='bbox 489 2072 652 2114; x_wconf 83' lang='lat' dir='ltr'>calomuioteur.</span> <span class='ocrx_word' id='word_1_225' title='bbox 691 2130 695 2137; x_wconf 79' lang='lat'>,</span> 
     </span>
    </p>
   </div>
   <div class='ocr_carea' id='block_1_8' title="bbox 88 2198 860 2619">
    <p class='ocr_par' dir='ltr' id='par_1_8' title="bbox 88 2198 860 2619">
     <span class='ocr_line' id='line_1_29' title="bbox 120 2198 860 2265; baseline -0.007 -10"><span class='ocrx_word' id='word_1_226' title='bbox 120 2208 214 2256; x_wconf 82' lang='lat' dir='ltr'>Utinam</span> <span class='ocrx_word' id='word_1_227' title='bbox 225 2205 286 2255; x_wconf 88' lang='lat' dir='ltr'>mihi</span> <span class='ocrx_word' id='word_1_228' title='bbox 297 2204 460 2265; x_wconf 77' lang='lat' dir='ltr'>Patribusquc</span> <span class='ocrx_word' id='word_1_229' title='bbox 469 2203 583 2249; x_wconf 83' lang='lat' dir='ltr'>Roiuauis</span> <span class='ocrx_word' id='word_1_230' title='bbox 593 2203 626 2248; x_wconf 89' lang='lat' dir='ltr'>ita</span> <span class='ocrx_word' id='word_1_231' title='bbox 639 2201 670 2249; x_wconf 90' lang='lat' dir='ltr'>de</span> <span class='ocrx_word' id='word_1_232' title='bbox 679 2198 769 2248; x_wconf 82' lang='lat' dir='ltr'>ceteris</span> <span class='ocrx_word' id='word_1_233' title='bbox 783 2199 860 2250; x_wconf 83' lang='lat' dir='ltr'>rebus</span> 
     </span>
     <span class='ocr_line' id='line_1_30' title="bbox 89 2269 860 2339; baseline -0.012 -11"><span class='ocrx_word' id='word_1_234' title='bbox 89 2292 145 2328; x_wconf 87' lang='lat' dir='ltr'>cum</span> <span class='ocrx_word' id='word_1_235' title='bbox 159 2278 228 2339; x_wconf 83' lang='lat' dir='ltr'><strong>plebe</strong></span> <span class='ocrx_word' id='word_1_236' title='bbox 238 2275 374 2331; x_wconf 83' lang='lat' dir='ltr'>conveniat,</span> <span class='ocrx_word' id='word_1_237' title='bbox 389 2271 595 2335; x_wconf 81' lang='lat' dir='ltr'>quemadmodum</span> <span class='ocrx_word' id='word_1_238' title='bbox 612 2269 677 2333; x_wconf 89' lang='lat' dir='ltr'>quod</span> <span class='ocrx_word' id='word_1_239' title='bbox 687 2269 717 2317; x_wconf 82' lang='lat' dir='ltr'>nd</span> <span class='ocrx_word' id='word_1_240' title='bbox 727 2276 751 2317; x_wconf 87' lang='lat' dir='ltr'>te</span> <span class='ocrx_word' id='word_1_241' title='bbox 759 2269 860 2319; x_wconf 83' lang='lat' dir='ltr'>attinet.</span> 
     </span>
     <span class='ocr_line' id='line_1_31' title="bbox 89 2341 859 2407; baseline -0.014 -9"><span class='ocrx_word' id='word_1_242' title='bbox 89 2361 192 2407; x_wconf 82' lang='lat' dir='ltr'>eamque</span> <span class='ocrx_word' id='word_1_243' title='bbox 207 2360 268 2396; x_wconf 84' lang='lat' dir='ltr'>rem.</span> <span class='ocrx_word' id='word_1_244' title='bbox 287 2357 361 2407; x_wconf 88' lang='lat' dir='ltr'>quam</span> <span class='ocrx_word' id='word_1_245' title='bbox 379 2344 409 2392; x_wconf 87' lang='lat' dir='ltr'>de</span> <span class='ocrx_word' id='word_1_246' title='bbox 427 2351 449 2391; x_wconf 90' lang='lat' dir='ltr'>te</span> <span class='ocrx_word' id='word_1_247' title='bbox 465 2356 521 2390; x_wconf 88' lang='lat' dir='ltr'>sum</span> <span class='ocrx_word' id='word_1_248' title='bbox 538 2341 700 2402; x_wconf 76' lang='lat' dir='ltr'>quaesiturus,</span> <span class='ocrx_word' id='word_1_249' title='bbox 718 2347 859 2387; x_wconf 77' lang='lat' dir='ltr'>conventu·</span> 
     </span>
     <span class='ocr_line' id='line_1_32' title="bbox 89 2407 857 2475; baseline -0.012 -10"><span class='ocrx_word' id='word_1_250' title='bbox 89 2432 146 2465; x_wconf 84' lang='lat' dir='ltr'>num</span> <span class='ocrx_word' id='word_1_251' title='bbox 157 2416 216 2464; x_wconf 86' lang='lat' dir='ltr'>satis</span> <span class='ocrx_word' id='word_1_252' title='bbox 227 2416 329 2464; x_wconf 87' lang='lat' dir='ltr'>conlido.</span> <span class='ocrx_word' id='word_1_253' title='bbox 345 2416 417 2475; x_wconf 80' lang='lat' dir='ltr'>Spem</span> <span class='ocrx_word' id='word_1_254' title='bbox 433 2416 521 2461; x_wconf 83' lang='lat' dir='ltr'>iactam</span> <span class='ocrx_word' id='word_1_255' title='bbox 539 2427 551 2458; x_wconf 87' lang='lat' dir='ltr'>a</span> <span class='ocrx_word' id='word_1_256' title='bbox 565 2420 589 2459; x_wconf 91' lang='lat' dir='ltr'>te</span> <span class='ocrx_word' id='word_1_257' title='bbox 601 2409 692 2458; x_wconf 79' lang='lat' dir='ltr'>ciuitati</span> <span class='ocrx_word' id='word_1_258' title='bbox 705 2409 785 2464; x_wconf 80' lang='lat' dir='ltr'>video,</span> <span class='ocrx_word' id='word_1_259' title='bbox 807 2407 857 2457; x_wconf 85' lang='lat' dir='ltr'>lide</span> 
     </span>
     <span class='ocr_line' id='line_1_33' title="bbox 89 2479 858 2548; baseline -0.01 -13"><span class='ocrx_word' id='word_1_260' title='bbox 89 2487 207 2536; x_wconf 89' lang='lat' dir='ltr'>incolumi</span> <span class='ocrx_word' id='word_1_261' title='bbox 222 2486 264 2548; x_wconf 77' lang='lat' dir='ltr'>tl),</span> <span class='ocrx_word' id='word_1_262' title='bbox 280 2500 310 2533; x_wconf 83' lang='lat' dir='ltr'>ex</span> <span class='ocrx_word' id='word_1_263' title='bbox 327 2484 451 2534; x_wconf 84' lang='lat' dir='ltr'>thesauris</span> <span class='ocrx_word' id='word_1_264' title='bbox 462 2483 568 2539; x_wconf 87' lang='lat' dir='ltr'>Gallicis,</span> <span class='ocrx_word' id='word_1_265' title='bbox 584 2496 645 2542; x_wconf 77' lang='lat' dir='ltr'>quos</span> <span class='ocrx_word' id='word_1_266' title='bbox 663 2480 786 2540; x_wconf 76' lang='lat' dir='ltr'>primores</span> <span class='ocrx_word' id='word_1_267' title='bbox 807 2479 858 2528; x_wconf 80' lang='lat' dir='ltr'>Pa-</span> 
     </span>
     <span class='ocr_line' id='line_1_34' title="bbox 88 2549 858 2619; baseline -0.008 -13"><span class='ocrx_word' id='word_1_268' title='bbox 88 2565 156 2606; x_wconf 84' lang='lat' dir='ltr'>tnum</span> <span class='ocrx_word' id='word_1_269' title='bbox 171 2558 295 2605; x_wconf 88' lang='lat' dir='ltr'>occultent</span> <span class='ocrx_word' id='word_1_270' title='bbox 315 2556 358 2619; x_wconf 73' lang='lat' dir='ltr'>(l),</span> <span class='ocrx_word' id='word_1_271' title='bbox 378 2555 500 2603; x_wconf 75' lang='lat' dir='ltr'>creditum</span> <span class='ocrx_word' id='word_1_272' title='bbox 521 2552 581 2602; x_wconf 72' lang='lat' dir='ltr'>solvi</span> <span class='ocrx_word' id='word_1_273' title='bbox 595 2564 674 2615; x_wconf 88' lang='lat' dir='ltr'>posse.</span> <span class='ocrx_word' id='word_1_274' title='bbox 689 2549 733 2598; x_wconf 78' lang='lat' dir='ltr'>tui</span> <span class='ocrx_word' id='word_1_275' title='bbox 752 2562 798 2612; x_wconf 75' lang='lat' dir='ltr'>ego</span> <span class='ocrx_word' id='word_1_276' title='bbox 818 2549 858 2600; x_wconf 88' lang='lat' dir='ltr'>rei</span> 
     </span>
    </p>
   </div>
   <div class='ocr_carea' id='block_1_9' title="bbox 87 2708 859 2891">
    <p class='ocr_par' dir='ltr' id='par_1_9' title="bbox 87 2708 859 2891">
     <span class='ocr_line' id='line_1_35' title="bbox 113 2708 859 2765; baseline -0.009 -6"><span class='ocrx_word' id='word_1_277' title='bbox 113 2715 170 2759; x_wconf 78' lang='lat' dir='ltr'>XLV.</span> <span class='ocrx_word' id='word_1_278' title='bbox 188 2717 208 2758; x_wconf 88' lang='lat' dir='ltr'>l.</span> <span class='ocrx_word' id='word_1_279' title='bbox 224 2715 278 2757; x_wconf 82' lang='lat' dir='ltr'>Fide</span> <span class='ocrx_word' id='word_1_280' title='bbox 294 2714 413 2765; x_wconf 84' lang='lat' dir='ltr'>incolumi,</span> <span class='ocrx_word' id='word_1_281' title='bbox 430 2715 457 2757; x_wconf 80' lang='lat' dir='ltr'>de</span> <span class='ocrx_word' id='word_1_282' title='bbox 484 2712 563 2755; x_wconf 74' lang='lat' dir='ltr'>sonnio</span> <span class='ocrx_word' id='word_1_283' title='bbox 577 2709 753 2764; x_wconf 49' lang='lat' dir='ltr'>donimanus</span> <span class='ocrx_word' id='word_1_284' title='bbox 767 2708 859 2764; x_wconf 82' lang='lat' dir='ltr'>primo·</span> 
     </span>
     <span class='ocr_line' id='line_1_36' title="bbox 87 2769 857 2831; baseline -0.009 -12"><span class='ocrx_word' id='word_1_285' title='bbox 87 2777 185 2820; x_wconf 71' lang='lat' dir='ltr'>manicae</span> <span class='ocrx_word' id='word_1_286' title='bbox 201 2790 245 2831; x_wconf 89' lang='lat' dir='ltr'>quo</span> <span class='ocrx_word' id='word_1_287' title='bbox 261 2776 282 2819; x_wconf 89' lang='lat' dir='ltr'>le</span> <span class='ocrx_word' id='word_1_288' title='bbox 299 2777 367 2819; x_wconf 82' lang='lat' dir='ltr'>cco&#39;dit</span> <span class='ocrx_word' id='word_1_289' title='bbox 384 2777 457 2831; x_wconf 86' lang='lat' dir='ltr'>public</span> <span class='ocrx_word' id='word_1_290' title='bbox 485 2787 521 2816; x_wconf 83' lang='lat' dir='ltr'>res</span> <span class='ocrx_word' id='word_1_291' title='bbox 534 2769 857 2815; x_wconf 75' lang='lat' dir='ltr'>catrionoccatteat.voicicu</span> 
     </span>
     <span class='ocr_line' id='line_1_37' title="bbox 87 2829 858 2891; baseline -0.008 -11"><span class='ocrx_word' id='word_1_292' title='bbox 87 2839 129 2880; x_wconf 81' lang='lat' dir='ltr'>soit</span> <span class='ocrx_word' id='word_1_293' title='bbox 158 2839 276 2880; x_wconf 85' lang='lat' dir='ltr'>maiutouu.</span> <span class='ocrx_word' id='word_1_294' title='bbox 302 2862 326 2868; x_wconf 86' lang='lat'><em>-</em></span> <span class='ocrx_word' id='word_1_295' title='bbox 359 2838 379 2881; x_wconf 78' lang='lat'>2.</span> <span class='ocrx_word' id='word_1_296' title='bbox 410 2838 458 2879; x_wconf 79' lang='lat' dir='ltr'>thc-</span> <span class='ocrx_word' id='word_1_297' title='bbox 485 2837 523 2891; x_wconf 92' lang='lat' dir='ltr'>qui</span> <span class='ocrx_word' id='word_1_298' title='bbox 546 2835 602 2876; x_wconf 83' lang='lat' dir='ltr'>auoit</span> <span class='ocrx_word' id='word_1_299' title='bbox 623 2831 657 2874; x_wconf 72' lang='lat' dir='ltr'>etti</span> <span class='ocrx_word' id='word_1_300' title='bbox 672 2829 759 2874; x_wconf 61' lang='lat' dir='ltr'>decreti</span> <span class='ocrx_word' id='word_1_301' title='bbox 776 2843 804 2873; x_wconf 86' lang='lat' dir='ltr'>nu</span> <span class='ocrx_word' id='word_1_302' title='bbox 821 2844 858 2874; x_wconf 81' lang='lat' dir='ltr'>su·</span> 
     </span>
    </p>
   </div>
   <div class='ocr_carea' id='block_1_10' title="bbox 0 0 956 3216">
    <p class='ocr_par' dir='ltr' id='par_1_10' title="bbox 0 0 956 3216">
     <span class='ocr_line' id='line_1_38' title="bbox 0 0 956 3216; baseline 0 2"><span class='ocrx_word' id='word_1_303' title='bbox 0 0 956 3216; x_wconf 95' lang='lat' dir='ltr'> </span> 
     </span>
    </p>
   </div>
  </div>
 </body>
</html>
