1904 3216
302 171 340 222 EX
356 172 424 222 itvtl
441 171 529 222 Lisslto
544 170 642 223 xixti.
811 174 860 224 253

87 290 177 340 peratore
191 287 277 336 colloqui
292 288 358 340 liceat.
374 287 402 326 liri
414 287 511 338 permisso
525 296 560 325 teu
575 287 642 326 dicere
660 297 716 338 prius
735 300 770 328 seu
788 291 856 331 audire

86 333 264 384 metiet,1teeoeprt
274 344 329 384 prior
339 342 344 370 :

112 430 176 473 Nabis
190 442 220 473 ne
234 429 276 473 seii
292 427 343 484 quel
357 430 422 472 motii
429 429 536 472 attribuer
546 429 557 471 d
567 430 587 472 ln
597 443 685 486 guerre.
695 432 750 475 Alite
760 433 798 476 des
812 434 854 476 Ro·

86 494 165 546 mains,
180 492 233 548 qu'il
244 493 300 535 croit
311 492 386 535 fideles
402 491 555 534 ohservuteurs
575 492 613 535 des
626 492 710 545 irrites,
726 494 783 537 a-t-il
797 495 856 538 violi

87 567 124 599 ces
132 554 209 598 enites
217 553 345 596 lui-memor
353 576 379 586 -
387 553 455 608 Argos
464 553 514 596 dteit
525 552 589 597 nilide
597 553 740 612 dePhilippe3
751 556 793 600 elle
803 557 856 601 s'est

87 616 173 660 donnes
182 617 194 660 i
203 615 274 667 Nabis,
293 622 314 659 et
327 615 439 659 duilleurs
453 615 499 660 cela
515 623 549 660 est
557 616 671 662 antenero·
684 631 726 662 eux
735 619 819 664 irrites.
831 643 855 653 ·-

87 679 118 723 (in
127 679 149 724 le
158 691 245 723 nomme
255 685 329 735 tyrum
340 691 369 722 ou
384 679 404 723 le
414 680 519 722 nommait
534 681 568 723 roi
577 688 719 736 eupmveut.
729 681 746 725 ii
760 683 856 727 adistri·

87 740 131 785 bue
139 739 179 784 des
187 744 258 784 terres
273 753 314 783 aux
331 739 435 792 escures,
452 742 507 784 roais
521 740 554 784 les
573 741 615 785 lois
631 742 658 786 de
674 742 750 799 Sparte
766 744 856 790 venient

89 801 194 858 sepelite:
205 801 406 856 legouveruement
416 803 442 846 de
452 808 509 846 cette
524 803 577 846 ville
586 803 644 847 n'est
652 816 691 860 pes
704 805 734 849 tei
744 817 788 862 que
797 806 856 851 celui

89 866 116 909 de
126 865 200 908 Rome.
212 862 276 907 Nubis
284 864 318 908 n’o
329 866 377 907 rien
387 865 427 907 fuit
437 872 512 908 contre
522 864 555 908 les
564 865 652 908 truitds.

120 980 143 1030 Si
157 979 211 1041 ipse
223 992 268 1042 per
280 992 329 1036 me,
338 977 363 1029 Τ.
378 978 631 1044 Quinetivosquequi
641 980 731 1031 adestis
742 982 785 1046 (i),
801 997 857 1034 eeu·

89 1063 142 1100 sum
160 1049 307 1114 excogitare,
325 1063 370 1098 eur
385 1049 446 1097 mihi
464 1055 507 1098 out
528 1049 677 1100 indixissetis
695 1052 798 1112 bellum,
814 1060 859 1105 aut

88 1120 224 1178 inferretis,
237 1133 343 1182 possem;
359 1119 448 1168 tacitus
458 1125 574 1168 eventum
585 1119 691 1168 iortunae
702 1134 764 1170 mete
774 1135 858 1185 exspe·
948 1118 951 1125 '

88 1196 192 1242 etassem
202 1207 208 1248 ;
220 1205 286 1240 nune
298 1190 422 1253 imperare
435 1189 519 1238 animo
527 1189 635 1252 nequivi,
647 1191 707 1252 quin
713 1191 859 1255 priusquam

88 1262 206 1326 perirem,
219 1276 264 1312 eur
274 1261 402 1323 periturus
410 1259 761 1321 essemsoiremnthereuie,
769 1263 790 1312 si
797 1264 859 1314 tales

89 1333 182 1390 essetis,
197 1336 283 1394 quotes
299 1345 352 1381 esse
365 1331 578 1392 Carthaginienses
587 1330 653 1380 ieme
662 1338 707 1395 est,
721 1333 787 1396 apud
796 1347 859 1397 quos

89 1403 286 1454 nihilsoeietotis
295 1405 353 1454 fides
364 1402 442 1451 sancti
456 1401 566 1458 haberet,
580 1402 606 1450 in
623 1400 662 1451 nre'
677 1415 776 1467 quoque
789 1405 859 1457 vohis

89 1476 147 1542 quid
157 1475 270 1525 taceretis
283 1476 366 1524 minus
371 1472 440 1534 pensi
450 1486 559 1522 essenon
572 1470 686 1523 mirarer.
699 1474 768 1525 Nune
779 1490 859 1539 quum

89 1559 131 1595 vos
142 1546 249 1602 intueor,
263 1545 383 1593 Romanos
392 1555 444 1590 esse
459 1540 560 1604 [videet
570 1540 613 1603 qui
622 1555 708 1591 rerum
716 1543 857 1596 divionum

89 1617 190 1673 ioedera,
202 1616 367 1665 humanarum
376 1612 451 1662 iidem
460 1612 576 1661 socialem
581 1611 761 1663 sanctissimam
767 1615 860 1667 hebea-

90 1688 122 1737 tis
136 1704 142 1735 ι
155 1700 232 1749 quum
254 1700 293 1734 rue
315 1685 366 1746 ipse
389 1683 493 1745 respexi,
515 1695 572 1731 eum
599 1695 653 1731 esse
671 1697 753 1746 spero,
767 1687 806 1736 eui
833 1692 858 1737 et

90 1757 196 1823 publice.
205 1758 270 1806 sieut
280 1755 367 1804 ceteris
377 1753 575 1812 Looedaemoniis,
585 1752 711 1803 vobiscum
720 1758 860 1807 vetustissi-

91 1827 247 1878 rnumsoedus
259 1826 299 1882 sit,
309 1832 334 1872 et
348 1839 402 1873 meo
414 1824 514 1873 nomine
523 1822 638 1885 privatim
654 1824 761 1875 amicitia
776 1841 804 1877 ae
820 1841 859 1876 so·

90 1901 174 1956 cietes,
186 1911 267 1960 nuper
280 1896 385 1958 Philippi
402 1896 466 1945 helio
478 1899 604 1943 renovata.

123 1967 224 2018 ntenim
234 1980 279 2028 ego
288 1980 340 2014 earu
350 1966 438 2013 violavi
449 1972 474 2012 ot
480 1964 636 2027 orerti‚qu0d
642 1965 790 2028 Argivorum
801 1967 860 2019 eiri-

91 2045 166 2090 tutem
175 2045 253 2087 teneo.
261 2036 385 2092 Quomodo
399 2037 444 2085 troc
455 2033 860 2099 tuearii)i1·e,antetnpore‘?1tes

91 2109 277 2171 mihidupliceni
289 2108 455 2156 detonsionem
466 2106 566 2168 prebet..
574 2104 635 2152 itam
644 2107 742 2168 et‚ipsis
749 2108 860 2157 vocanti-

91 2182 139 2232 bus
148 2196 176 2231 ee
191 2180 353 2235 tradentibus,
363 2179 450 2227 urbem
463 2191 516 2226 euru
527 2175 675 2237 acceptior
685 2179 804 2241 occupari
815 2195 821 2224 :
835 2185 859 2227 et

92 2251 174 2315 eeeepi
186 2252 283 2307 urbem,
293 2263 370 2312 quum
378 2248 482 2310 Philippi
491 2245 607 2309 portium.
621 2259 670 2294 non
685 2247 711 2295 in
721 2255 803 2297 vestre
818 2261 861 2298 so·

92 2320 181 2371 eietate
194 2328 267 2370 esset.
273 2319 378 2382 Tempus
390 2325 472 2367 ruteni
485 2314 627 2372 utetihorat,
639 2316 860 2380 quodquoniam

93 2391 170 2452 Argos
178 2391 303 2449 haberem,
316 2390 418 2438 societas
430 2385 491 2435 mihi
500 2384 624 2432 vobiscum
643 2387 770 2436 convenit:
786 2394 820 2446 et,
831 2395 861 2438 ut

93 2461 161 2510 vohis
168 2461 292 2510 mitterem
299 2460 329 2507 od
338 2459 430 2508 betium
440 2456 593 2513 auxiliamen
601 2459 629 2501 ut
640 2455 861 2521 dr·gisprresidium

93 2531 248 2584 deducerem,
256 2529 394 2592 pepigistis.
404 2532 442 2585 tt,
449 2528 540 2582 hercle,
548 2526 574 2574 in
581 2542 609 2577 eo
621 2528 795 2585 controversia,
805 2542 860 2591 quer

94 2601 124 2651 de
139 2601 209 2662 Argis
225 2606 270 2655 est,
285 2598 398 2661 superior
416 2612 472 2648 suin
491 2605 517 2647 et
529 2600 647 2663 aequitnte
663 2597 710 2654 rei,
728 2598 795 2661 quod
811 2612 860 2648 uon

120 2721 187 2765 cuti.
206 2723 227 2764 1.
249 2721 332 2777 Vosque
352 2720 393 2776 qui
410 2719 464 2762 ude·
492 2733 562 2775 gome,
579 2722 686 2772 tristius,
698 2719 823 2775 prdieurde
838 2721 860 2764 ia

94 2783 137 2827 siin
147 2797 155 2825 :
165 2789 229 2826 outre
238 2782 344 2838 quelques
354 2782 462 2832 iiomuins,
491 2783 653 2827 consideration
666 2781 788 2831 ocheenne.
803 2781 861 2824 Sosi·

95 2846 250 2888 setrouroient
266 2844 388 2899 presented
408 2849 464 2886 cette
492 2842 523 2885 los
539 2844 566 2887 de
583 2843 677 2887 Rhodes.
694 2865 721 2874 -
737 2842 763 2885 it.
779 2842 874 2886 ‘iecori

95 2911 200 2949 entrevue
209 2906 313 2957 Eumene,
327 2906 360 2948 roi
376 2904 404 2948 de
413 2904 465 2949 Peo-
492 2919 549 2961 pour
558 2905 699 2963 defendent,
713 2909 781 2949 reete
791 2904 890 2956 {ortum

134 3001 264 3052 Curiones.
736 3005 770 3052 Ἦ)
