1904 3216
108 201 156 256 eoo
413 169 575 259 omnouns

108 321 240 379 solitudine
257 326 346 372 natura
361 322 414 383 ipsa
426 319 536 383 subjicit,
550 325 578 369 ut
592 318 730 374 hominum,
743 328 805 380 quos
815 325 881 365 nun-

108 405 184 455 quam
205 390 326 450 viderint,
346 393 421 442 iidem
436 399 518 440 tamen
540 390 682 452 implorent,
698 387 762 436 mihi
780 400 881 448 quoque

107 462 204 511 ferrum
216 462 242 510 in
257 476 299 511 me
313 462 428 512 strictum
443 460 564 517 cernenti,
580 473 666 511 vocem
677 457 777 507 mittere
793 455 880 514 liceat;

107 544 154 593 per
175 536 208 587 te,
219 531 329 593 patrium
341 544 432 580 nomen
445 530 568 596 (1),un
577 528 629 578 utri
644 527 758 577 nostrum
770 526 881 576 sanctius

108 600 149 656 sit,
160 600 213 662 J'am
225 602 324 664 pridem
334 602 429 659 sentis;
446 601 481 652 ita
491 615 532 650 me
542 599 639 657 audias,
650 612 748 661 precor,
761 603 881 658 tanquam

107 670 138 728 ai,
151 685 210 721 voce
221 680 247 721 et
255 673 451 734 comploratione
464 677 586 721 nocturna
596 670 700 727 excitus,
716 668 780 718 mihi
796 667 883 730 quiri-

107 741 170 791 tanti
179 740 364 798 iutervenisses,
376 742 528 792 Demetrium
536 755 593 793 cum
598 741 702 790 armatis
710 744 783 789 nocte
790 738 882 788 intem-

107 814 178 872 pesta
187 806 215 856 in
223 806 348 857 vestibulo
359 819 416 856 meo
422 805 639 869 deprehendisses.
652 804 723 861 Quod
731 811 786 854 tum
795 805 886 854 vocife-

107 892 180 928 rarer
185 878 369 942 inrepraesenti
377 877 492 941 pavidus,
500 878 620 927 hocnunc
624 883 725 939 postero
732 876 772 925 die
780 890 882 939 queror.

141 947 238 1004 Frater,
250 959 301 997 non
316 947 502 998 comissantium
516 949 542 997 in
560 949 639 997 vicem
652 946 684 1011 (2)
696 947 749 1008 jam
764 946 809 995 diu
820 944 884 993 vivi-

110 1026 167 1064 mus
175 1015 243 1066 inter
253 1029 307 1066 nos.
319 1017 433 1080 Regnare
442 1016 531 1080 utique
541 1016 580 1066 ris
593 1029 599 1065 τ
611 1016 673 1066 huic
685 1015 739 1078 spei
748 1022 798 1064 tuae
805 1013 885 1062 obstat

17 1096 20 1101 ’
110 1090 171 1136 artas
179 1100 243 1142 mea,
254 1089 335 1137 obstat
342 1088 456 1150 gentium
465 1087 517 1150 jus,
525 1087 606 1136 obstat
612 1092 724 1136 vetustus
735 1084 884 1135 llacedoniae

109 1168 172 1213 mos,
183 1159 263 1208 obstat
277 1173 336 1208 vero
353 1160 429 1208 etiam
444 1159 524 1221 patris
535 1157 669 1219 iudicium.
686 1158 743 1208 Haec
758 1162 884 1204 transcen-

109 1225 178 1285 dere,
190 1227 241 1278 nisi
252 1242 297 1291 per
305 1243 390 1278 meum
404 1228 561 1290 sanguinem,
572 1241 622 1277 non
637 1233 714 1290 potes.
730 1224 819 1276 Omnia
829 1237 884 1273 mo-

109 1297 168 1348 liris
176 1304 201 1349 et
211 1304 300 1350 tentas.
313 1300 397 1349 Adhuc
408 1313 451 1348 seu
464 1313 522 1349 cura
535 1312 599 1356 mea,
614 1312 659 1349 seu
669 1302 779 1354 fortuna,
790 1295 884 1346 restitit

110 1368 245 1430 parricidio
256 1375 309 1418 tuo.
322 1369 439 1419 llesterno
453 1369 492 1418 die
506 1370 531 1418 in
541 1369 688 1420 lustratione
699 1376 726 1418 et
735 1369 842 1417 decursu
859 1373 884 1415 et

110 1437 243 1487 simulacro
258 1438 355 1489 ludicro
371 1453 460 1502 pognae
473 1440 515 1503 (3),
532 1440 659 1489 funestum
675 1453 751 1502 prope
765 1437 883 1500 proelium

110 1507 191 1556 iecisti
205 1522 211 1555 :
223 1520 269 1558 neo
279 1521 319 1557 me
331 1509 400 1558 aliud
414 1510 670 1566 amortevindicavit,
682 1521 756 1570 quam
768 1506 834 1569 quod
843 1520 884 1555 me

110 1590 140 1627 ac
155 1591 223 1627 meos
234 1577 302 1628 vinci
314 1593 400 1641 passus
416 1594 481 1629 sum.
498 1580 534 1630 Ab
549 1581 636 1630 hostili
647 1579 745 1644 proelio,
764 1582 884 1638 tanquam

109 1647 220 1697 fraterno
236 1648 302 1704 lusu,
313 1651 458 1710 pertrahere
474 1664 515 1700 me
530 1652 561 1701 ad
572 1665 667 1700 coenam
679 1648 790 1698 voluisti.
800 1647 884 1696 Credis

109 1731 158 1775 me,
170 1724 248 1780 pater,
262 1718 330 1767 inter
342 1720 451 1770 inermes
460 1721 573 1771 convivas
584 1728 741 1771 coenaturum
753 1718 840 1774 luisse,
853 1719 884 1767 ad

109 1801 185 1851 quem
200 1789 291 1837 armati
303 1790 463 1840 comissatum
474 1792 615 1842 venerunt?
625 1791 706 1841 credis
721 1789 787 1839 nihil
800 1803 814 1837 a
828 1790 884 1851 gla-

109 1859 158 1908 diis
170 1865 241 1908 nocte
254 1861 360 1920 periculi
372 1861 435 1910 mihi
446 1861 534 1919 fuisse,
549 1877 624 1926 quem
638 1863 753 1922 sudibus,
765 1868 790 1911 te
802 1862 884 1923 inspe

136 2051 251 2095 dlxxxvi.
275 2054 295 2095 1.
315 2053 367 2106 Per,
387 2057 417 2106 te,
435 2061 481 2112 pcss
509 2057 536 2100 do
546 2058 621 2100 visites
638 2056 778 2101 mutuellesd
794 2057 816 2103 la
825 2057 883 2102 suite

108 2113 183 2158 trium
196 2125 287 2165 nomen,
303 2115 380 2157 c.-l-d.
395 2127 481 2170 precor
509 2121 536 2164 de
545 2119 629 2163 sestius.
639 2119 884 2165 Sourontlesconvivas

108 2178 132 2219 te
138 2188 184 2231 per
197 2176 305 2231 patrium
322 2178 481 2221 uomendum
510 2181 587 2237 dgayds
603 2195 643 2237 par
660 2183 682 2227 la
699 2182 840 2239 compotatio
858 2196 883 2227 so

108 2250 176 2281 avons
193 2238 241 2292 ddja
260 2252 290 2280 vu
308 2238 419 2294 plusieurs
439 2240 482 2283 sois
509 2245 633 2297 rendaiant,
649 2258 679 2289 au
692 2258 731 2289 son
745 2247 784 2289 dos
799 2245 882 2288 instru-

112 2305 169 2342 cette
180 2299 282 2352 iormule‚
293 2300 347 2343 dans
356 2300 451 2357 laquelle
461 2301 481 2345 la
509 2312 588 2358 ments,
596 2307 686 2350 chanun
696 2307 774 2350 amida
782 2305 883 2361 l'amphi-

109 2361 171 2416 ploce
188 2361 272 2404 dounde
289 2362 301 2403 d
317 2364 340 2404 te
356 2368 390 2405 est
406 2362 432 2406 da
451 2365 482 2406 ri·
508 2374 571 2424 tryou
582 2381 587 2411 :
598 2368 685 2412 o'estee
701 2368 883 2424 qu'onnommait

109 2434 193 2476 guerr,
201 2434 288 2477 precor
302 2428 334 2465 ast
348 2424 391 2465 mis
398 2437 428 2466 un
438 2437 481 2480 peu
509 2430 637 2473 remissuri.
652 2453 680 2461 -
694 2430 714 2474 ὅ.
730 2428 883 2473 Lustratione

108 2482 159 2538 plus
167 2483 213 2553 hos.
223 2483 250 2525 ln
260 2483 324 2536 lacon
330 2484 430 2540 vulgaire
438 2499 481 2540 per
509 2494 532 2534 et
542 2492 641 2534 decursu
664 2493 687 2534 et
698 2490 826 2534 simulacro
846 2489 882 2533 lac·

108 2547 131 2614 te
144 2547 296 2600 patrrumque
309 2557 392 2590 nomen
407 2560 419 2589 a
433 2547 482 2602 plu·
508 2552 574 2597 dioro
581 2564 680 2609 papus:
696 2564 742 2608 vop.
757 2557 820 2594 notro
830 2556 882 2595 nota

108 2617 181 2647 sieurs
195 2607 481 2658 inconvenients;dr0nove
508 2626 548 2658 sur
569 2613 734 2665 Quinte-Cures,
758 2624 813 2668 paga
832 2611 881 2656 396.

108 2665 136 2736 l'a
158 2667 263 2738 corriges.
275 2692 303 2700 -
321 2667 342 2712 ἱ.
355 2669 482 2715 comissan-
508 2675 538 2718 On
553 2677 661 2719 nommait
676 2676 696 2718 la
712 2675 757 2718 feto
773 2674 828 2717 dous
847 2674 881 2718 la·

109 2730 170 2771 tium
179 2741 206 2773 ro
218 2729 291 2799 cicero
300 2744 312 2773 a
322 2731 344 2774 ls
358 2743 409 2774 sens
418 2732 445 2776 de
455 2732 481 2777 in
509 2737 583 2792 quello
592 2751 616 2781 se
625 2737 762 2781 taisaitcotto
769 2748 837 2779 renuo
845 2748 882 2780 ex·

108 2801 195 2834 morem
216 2791 405 2843 comessantium,
424 2796 480 2838 mais
507 2799 608 2853 piatoire,
618 2811 643 2842 co
655 2800 755 2842 sokmne
772 2797 880 2849 lustrale,

109 2861 161 2894 avae
171 2851 191 2893 la
201 2864 286 2894 nuance
295 2853 322 2895 de
334 2869 344 2894 ι
355 2854 440 2897 mutuel
450 2871 461 2895 »
472 2869 477 2898 :
506 2868 532 2902 sa
550 2866 637 2904 amissa.
658 2862 820 2916 Qualquesuns
841 2860 880 2904 dea

98 2924 194 2958 nousue
205 2915 281 2960 vivens
290 2928 330 2974 pes
342 2929 383 2962 sur
396 2916 417 2961 lo
427 2918 482 2976 piod
507 2923 563 2969 ritas
575 2927 625 2968 sont
633 2923 770 2968 mantiounds
786 2935 816 2966 au
831 2921 880 2965 llis·
