1904 3216
94 239 124 288 68
396 238 559 288 ontrrbrus

94 361 176 409 neque
190 348 309 410 privatos,
318 362 400 410 neque
414 348 441 396 in
454 349 649 408 magistratibus,
657 353 723 412 quod
731 352 865 403 incommo-

95 420 154 468 durn
165 419 230 480 plebi
249 425 319 475 esset,
335 419 440 468 scientes
454 418 556 475 l'ecisse3
572 433 617 467 nec
625 422 703 468 ullum
711 426 804 470 lactum
815 424 865 473 dic-

94 497 180 540 tumve
191 498 303 539 nostrum
313 495 399 538 contra
409 489 543 538 utilitatem
559 498 666 538 vestram
682 493 737 553 (etsi
751 495 865 554 quaedam

44 602 46 606 .
95 566 181 611 contra
190 562 342 609 voluntatem
351 558 456 622 luerint)
469 573 526 608 vere
535 559 624 609 referri
640 576 718 623 posse.
733 565 769 611 ln
778 563 833 622 hoc,
843 566 864 615 si

96 632 203 682 Claudiae
215 630 315 679 familiae
326 644 373 679 non
383 630 441 686 sim,
454 644 499 679 nec
508 643 536 678 ex
543 631 649 692 patricio
656 632 776 690 sanguine
784 641 863 693 ortus,

96 702 212 752 sedunus
224 700 358 756 Quiritium
372 699 486 762 quilibet,
504 700 548 762 qui
556 701 630 750 modo
643 714 684 750 me
691 702 787 752 duobus
797 704 866 767 inge

95 772 155 828 nnis
173 779 258 820 ortum
278 776 303 818 et
318 771 399 818 vivere
420 771 446 818 in
461 771 537 820 libera
554 771 655 821 civitate
662 772 749 829 sciam,
760 774 866 824 reticere

95 841 202 904 possim:
230 845 253 886 t.
274 840 345 888 illum
363 840 481 897 sextium,
498 848 522 889 et
541 840 568 890 C.
590 840 721 900 licinium,
735 850 866 906 perpetuos

97 913 128 976 (si
143 911 192 960 diis
209 912 298 972 placet)
313 909 436 966 tribunos,
453 918 549 960 tantum
565 911 672 960 licentiae
687 926 775 962 novem
793 915 866 964 annis

96 983 188 1048 quibus
203 986 310 1041 regnant
324 979 469 1041 sumpsisse,
485 988 512 1028 ut
529 980 598 1030 vobis
616 989 707 1043 negent
718 989 865 1044 potestatem

96 1054 201 1104 liberam
217 1049 342 1112 suffragii,
350 1062 400 1098 non
414 1050 441 1098 in
452 1050 567 1107 comitiis,
576 1065 628 1101 non
639 1052 666 1100 in
673 1052 865 1116 legibusjuben-

96 1124 145 1183 dis,
152 1138 179 1174 se
191 1122 357 1186 permissuros
368 1120 440 1171 esset

123 1231 144 1275 2.
163 1230 192 1272 lls
208 1229 296 1282 exigent
314 1227 431 1282 l'adoption
446 1227 474 1270 do
489 1227 552 1271 leurs
567 1229 616 1280 lois,
627 1237 650 1272 et
662 1229 689 1271 dc
705 1236 784 1272 toutec.
796 1229 865 1274 Rome

97 1290 206 1337 n’est-elle
215 1289 265 1344 plus
272 1289 343 1331 libret
351 1288 458 1332 lla-telle
468 1302 512 1345 quo
521 1283 663 1333 cestribuusl
671 1291 716 1339 Que
726 1302 754 1334 ne
761 1291 865 1336 dimit-oa

98 1369 135 1412 pac
143 1355 163 1399 si
171 1366 203 1397 un
211 1353 318 1409 patricien
327 1351 400 1394 laisait
408 1364 437 1394 cu
446 1351 524 1408 peuple
534 1364 579 1396 une
589 1353 719 1396 sommation
728 1354 865 1400 semblable?

127 1453 151 1502 2.
170 1468 182 1498 ι
197 1452 247 1501 Sub
256 1450 405 1503 conditione.
418 1450 500 1513 inquit
511 1450 553 1514 (bt.
561 1464 606 1499 nos
617 1450 866 1502 reficietisdecimum

99 1540 111 1570 a
126 1522 251 1571 tribunos.
267 1537 278 1565 n
296 1520 360 1576 Quid
375 1526 413 1569 est
425 1520 502 1576 aliud,
519 1519 600 1568 dicere
609 1520 656 1581 (6);
675 1521 765 1580 «quod
776 1529 866 1582 petunt

99 1610 111 1640 a
127 1592 180 1646 alii,
195 1604 240 1638 nos
253 1590 314 1638 adeo
325 1589 471 1647 fastidimus,
487 1594 516 1636 ut
529 1589 581 1637 sine
592 1590 705 1639 mercede
716 1602 866 1652 magnanon

99 1679 112 1713 c
127 1661 278 1724 accipiamus
298 1659 331 1706 nl
345 1660 390 1708 Sed
401 1673 457 1720 quae
476 1658 574 1706 tandem
589 1658 634 1706 ista
649 1671 743 1706 merces
755 1664 801 1718 est,
816 1672 866 1719 qua

97 1751 138 1786 vos
147 1746 246 1794 semper
262 1732 377 1780 tribunos
395 1731 474 1793 plebis
486 1731 637 1780 habeamus?
649 1749 661 1778 a
673 1738 703 1779 ut
715 1731 864 1792 rogationes,

99 1824 111 1853 a
128 1806 220 1869 inquit,
238 1810 343 1856 nostras,
356 1816 399 1851 seu
410 1804 516 1865 placent,
525 1802 712 1865 seudisplicent,
723 1816 767 1852 seu
782 1803 864 1859 utiles,

99 1897 111 1928 ι
127 1893 172 1929 seu
181 1878 284 1927 inutiles
294 1885 359 1932 sunt,
371 1890 457 1926 omnes
464 1876 614 1938 conjunctim
624 1876 759 1938 accipiatis.
774 1893 787 1926 b

128 1952 235 2000 Obsecro
253 1963 304 2000 vos.
323 1946 452 2006 Tarquinii
473 1946 504 2009 (l)
520 1946 615 1996 tribuni
628 1946 717 2009 plebis,
727 1953 813 2009 putate
826 1960 867 1998 me

97 2036 125 2071 eu
136 2019 218 2069 media
228 2017 344 2067 concione
360 2029 437 2064 unum
452 2015 530 2064 civem
544 2017 710 2065 succlamare:
728 2034 740 2064 ιι
754 2016 868 2067 bonave-

96 2091 138 2140 nia
151 2087 310 2140 rostralioeat
322 2101 349 2135 ex
362 2085 401 2133 bis
412 2084 676 2147 rogationibnslegere
687 2098 749 2148 quas
757 2086 867 2137 salubres

97 2161 166 2210 nobis
172 2171 303 2209 censemus
317 2169 378 2214 esse,
391 2156 522 2216 antiquare
535 2157 604 2206 alias.
615 2173 665 2203 n-
678 2175 690 2205 ιι
701 2158 762 2215 lton,
774 2156 867 2220 inquit,

100 2253 109 2275 t
128 2231 221 2280 licebit.
240 2229 273 2276 'lu
289 2229 319 2276 de
334 2226 430 2275 loenore
443 2227 600 2290 atqueagris,
610 2228 676 2290 qnod
689 2229 769 2277 advos
782 2241 868 2279 omnes

98 2318 111 2350 ι
128 2301 246 2362 pertinet,
262 2297 365 2360 jubeas;
380 2304 405 2346 et
419 2298 465 2346 boc
478 2298 588 2359 portenti
604 2300 635 2361 (8)
650 2313 700 2347 non
712 2300 755 2347 liat
770 2299 797 2348 in
806 2301 869 2349 urbe

97 2411 469 2469 eloquitcomrneentndteon.
499 2413 559 2464 Quid
575 2415 632 2468 (hoc)
649 2417 683 2457 est
700 2413 769 2457 aliud
785 2416 867 2470 (qum)

97 2482 131 2522 est
143 2483 237 2518 souvent
251 2474 348 2530 emplope
361 2475 433 2528 quand
443 2488 470 2517 οιι
498 2477 587 2528 dicere,
598 2483 632 2520 est
643 2477 752 2519 contraire
768 2489 811 2520 oux
827 2477 868 2520 lois

97 2538 190 2596 parlede
199 2537 309 2591 plusieurs
315 2536 469 2590 oud'unparti.
498 2540 524 2581 de
537 2539 557 2581 la
567 2539 689 2593 langue-
698 2539 718 2581 7.
735 2539 868 2595 tarquinii,

96 2598 471 2651 -6.Quidestoliud‚dicere,mot
497 2614 554 2657 pour
580 2602 636 2653 dire,
660 2607 738 2655 tyr-ans.
767 2601 869 2647 Horatius

96 2661 320 2716 dmot:quelleautre
330 2662 394 2703 chose
404 2666 470 2703 est-cc
497 2663 706 2706 Barbatusnommait
711 2663 742 2706 los
747 2664 869 2710 decemviro

97 2725 193 2770 ddiro...
208 2725 330 2778 ;qn'cst-ce
347 2723 359 2764 l
376 2723 430 2772 dire,
442 2723 471 2764 si·
497 2725 574 2768 decem
589 2725 728 2781 Tarquinios
747 2725 823 2781 flet,
833 2728 868 2779 lll,

97 2802 141 2833 non
151 2800 220 2843 quc...
231 2786 281 2828 Cela
296 2787 380 2840 signillc
393 2802 398 2829 :
410 2785 425 2828 il
436 2798 471 2828 rc·
497 2789 531 2830 ch.
548 2788 590 2841 39).
610 2811 637 2819 —
651 2790 672 2832 8.
692 2788 738 2832 tloc
753 2791 867 2846 portenti.

98 2853 197 2894 rientau
206 2848 277 2890 meme
292 2848 318 2889 de
329 2849 402 2890 dire...
412 2847 471 2889 L'ox-
496 2851 589 2904 Appius,
607 2850 618 2890 l
635 2858 718 2894 travers
734 2851 767 2894 les
782 2853 868 2907 peroles

90 2913 200 2966 plication
215 2911 280 2965 qu'on
297 2911 367 2951 donne
377 2910 403 2952 de
413 2917 469 2953 cette
497 2912 550 2965 qn'il
568 2919 613 2955 mot
633 2913 686 2955 dans
703 2912 819 2958 lubouclte
830 2914 869 2958 des

81 2972 186 3014 Iocntron
210 2973 223 3014 d
248 2973 314 3016 l'aide
339 2973 469 3029 d'ellipsos:
498 2974 869 3030 t1·rbuns,ldtssepercersonpro·
906 2990 909 2995 ·
