1904 3216
253 189 291 239 EX
308 187 400 237 tuctu
416 187 561 237 dddffliffl
576 186 664 240 biblio
679 188 701 237 1.
817 185 863 234 tto

117 304 207 359 segesta
223 301 257 347 fut
268 303 368 358 toujours
377 302 437 345 l'anni
449 301 488 344 des
502 301 604 344 Romaius
618 314 646 344 en
658 302 730 344 meme
740 310 810 355 temps
820 314 863 356 quo

91 366 168 410 deson
182 377 241 420 pays,
251 365 351 419 partisan
364 363 391 406 de
401 362 422 406 la
438 363 495 418 pain,
508 362 528 404 le
541 363 589 405 vrai
604 362 680 405 benum
691 362 729 404 des
745 362 801 404 deur
811 375 864 416 peu-

92 430 145 483 plea.
157 427 194 470 ila
208 433 255 469 tout
265 426 315 477 tait,
325 426 381 467 mais
394 436 422 466 cn
433 425 491 475 rain,
501 437 558 478 pour
569 425 672 478 conjurer
683 426 702 466 la
716 437 806 478 gaiorum
825 425 839 465 it
852 438 863 466 u

92 496 141 534 tout
148 487 216 539 tento,
227 494 277 530 tout
286 487 381 529 sousiert
390 498 447 540 pour
455 485 576 529 l'dteindre.
586 486 604 529 ll
612 487 674 528 uiant
684 487 711 528 dc
723 486 806 527 donner
821 498 863 527 una

92 550 195 595 nouvelle
206 561 289 604 preuva
298 548 326 591 de
339 546 430 591 ddunt.
445 548 513 598 Qu'en
522 560 546 590 sa
557 548 636 591 favour
643 549 658 591 il
671 548 715 591 soit
723 547 763 590 fnit
778 548 863 602 gricod

92 624 128 655 ses
137 611 230 654 uniente

122 758 293 810 Nonhicmiiii
304 758 405 821 primus
415 771 476 820 erga
490 759 610 820 populum
624 758 760 808 Romanum
774 759 831 809 fidei
840 768 865 810 et

92 828 302 880 constantiaedies.
317 827 351 877 dx
361 841 411 891 quo
424 841 439 876 a
453 827 511 877 divo
523 831 634 888 Augusto
647 827 746 876 civitate
759 829 865 880 donatus

92 912 156 959 sum,
169 899 264 949 amicos
275 897 441 960 inimicosque
453 911 485 947 cx
497 897 587 947 vestris
603 897 753 947 utilitatibus
766 898 862 961 delegi:

92 983 172 1033 noque
185 970 240 1019 odio
251 968 340 1033 patriae
354 969 457 1033 (quippe
472 968 615 1031 proditores
628 968 702 1016 etiam
711 969 742 1017 iis
750 982 866 1031 quosaa-

91 1040 303 1103 teponunt,inrisi
316 1040 392 1104 sunt),
404 1052 491 1089 uerum
499 1038 559 1101 quia
566 1037 683 1086 Romanis
689 1038 865 1103 Germanisque

92 1111 158 1160 idem
170 1110 312 1160 conducere
323 1110 368 1174 (t),
386 1117 411 1158 et
424 1121 508 1172 pacem
520 1122 593 1170 quam
609 1108 704 1156 bellum
719 1110 862 1170 probabam.

93 1181 155 1242 Ergo
169 1189 295 1242 raptorem
301 1179 361 1229 fitia
371 1193 442 1236 meae,
456 1178 600 1228 violatorem
609 1178 804 1236 tiederisrcstri‚
817 1182 863 1228 Ar·

93 1247 864 1312 miniumapudvarum,quitumexcrcituipraesidebat,reum

92 1322 154 1379 t'cci;
164 1320 255 1369 dilatus
263 1320 456 1382 segnitiaducis.
465 1318 524 1380 quia
534 1332 623 1381 parum
639 1318 748 1381 praesidii
763 1319 790 1368 in
802 1320 864 1382 legi·

92 1393 287 1448 buserat‚utme
302 1396 327 1438 et
342 1389 483 1439 bruriuium
501 1396 526 1439 et
541 1388 650 1438 conscios
661 1388 777 1445 vinciret.
791 1389 864 1453 flagi·

92 1460 155 1510 tavi:
172 1460 245 1510 testis
256 1460 301 1508 illa
315 1473 362 1508 nox
371 1459 413 1522 (ἲ),
425 1458 489 1508 mihi
505 1459 601 1508 utinam
617 1458 701 1520 potius
716 1459 861 1509 novissima!

93 1533 150 1588 Quae
167 1537 252 1581 secuta
269 1536 338 1589 sunt,
352 1529 440 1579 dederi
452 1530 615 1592 magisquam
633 1529 731 1579 deiendi
749 1539 862 1593 possunt.

91 1603 205 1651 Ceterum
226 1608 252 1650 et
265 1600 339 1662 injeci
358 1607 457 1649 catenas
475 1599 595 1658 mminio,
612 1606 637 1648 et
659 1600 791 1650 utactione
809 1601 863 1663 ejus

92 1672 194 1734 injectas
208 1684 342 1734 perpessus
354 1684 418 1720 sum.
429 1670 560 1732 Atqueubi
574 1670 684 1732 primum
693 1671 728 1719 tui
742 1673 811 1735 copia
819 1672 863 1735 (5),

93 1749 175 1790 vetera
193 1741 261 1789 uotis
279 1747 305 1789 et
324 1740 410 1802 quieta
428 1739 536 1788 turbidis
557 1740 709 1797 antehabeo;
732 1753 813 1804 neque
832 1742 864 1790 ab

91 1811 228 1877 praemium.
243 1813 287 1861 sed
297 1818 325 1860 ut
337 1824 378 1860 mc
387 1810 493 1872 pertidia
508 1810 539 1872 (t)
553 1811 681 1866 exsolium,
697 1813 773 1861 simul
791 1814 861 1874 genti

92 1880 271 1931 Germanorum
282 1881 387 1930 idoneus
400 1881 553 1937 conciliator,
570 1882 591 1929 si
604 1883 776 1944 poeniteutiam
790 1898 864 1945 quam
948 1922 951 1927 .

92 1951 227 2012 perniciem
241 1951 367 2000 maluerit.
385 1951 433 2001 Pro
445 1950 549 2012 juventa
562 1960 588 2000 et
603 1966 690 2002 errore
704 1954 750 2001 tilii
766 1956 864 2002 reniam

92 2033 195 2082 precor:
211 2021 289 2070 tiliam
302 2021 447 2071 necessitate
465 2020 514 2071 huc
526 2020 659 2071 adductam
673 2024 762 2073 fatcor.
785 2024 863 2073 Tuum

117 2225 151 2269 Vl.
163 2225 184 2267 1.
200 2224 421 2279 conducercsaprds
429 2230 464 2267 oct
490 2224 536 2268 itta
548 2237 601 2274 nuc,
616 2225 671 2267 celle
683 2226 721 2279 qui
736 2225 831 2279 precidit
841 2227 862 2270 la

92 2285 186 2330 infinitis
192 2297 221 2328 on
227 2285 305 2328 attend
309 2285 462 2339 judicabam
490 2285 569 2327 dubito
582 2285 608 2327 de
620 2286 696 2327 iai-us.
706 2285 781 2327 Tacite
790 2287 822 2328 dit
834 2300 863 2330 au

92 2348 147 2391 maia
164 2359 189 2391 ω
210 2345 276 2390 verba
293 2355 328 2389 eat
349 2347 462 2390 virtuelle·
490 2347 575 2390 chffiui:
586 2348 684 2401 Sapuates
692 2347 864 2402 porarirebel·

92 2418 153 2453 ment
173 2408 285 2452 reurermd
304 2408 359 2452 dans
375 2409 462 2464 probo-
491 2407 575 2451 dionem
590 2412 613 2450 et
633 2421 691 2463 saepe
711 2408 775 2451 utica
793 2414 864 2452 etsu-

93 2471 462 2528 bamquiexprimaunjugamant.
490 2482 565 2525 premo
576 2470 683 2517 convivio,
694 2473 745 2521 post
759 2469 820 2525 quod
837 2472 862 2513 t'n

95 2534 170 2577 Tacito
192 2533 272 2576 n'avait
293 2544 331 2587 pas
346 2532 422 2575 hesbin
435 2531 463 2575 de
489 2543 559 2575 arma
580 2531 763 2584 itum.aperutt.
775 2531 863 2574 euasit·

93 2593 140 2634 dira
155 2604 238 2648 pacem
252 2603 398 2646 unusquam
414 2589 463 2634 bei-
490 2605 533 2650 que
544 2591 602 2634 Varo
618 2595 644 2633 ut
661 2604 685 2634 ac
696 2594 719 2633 ct
730 2592 863 2634 Aminiam

94 2653 142 2695 tum
150 2652 289 2708 probabam,
300 2664 424 2708 parceque,
435 2662 464 2693 en
490 2658 513 2697 et
525 2655 612 2696 ceteros
631 2663 738 2707 proceres
754 2653 862 2696 vinciret.

93 2723 205 2758 nommant
217 2715 274 2758 dam
282 2713 353 2770 obiets
361 2712 460 2769 oppoodu
490 2738 517 2746 -
528 2714 548 2757 5.
570 2713 612 2756 Tui
630 2712 705 2768 copia,
717 2719 794 2754 soant.
803 2712 862 2756 aiibi

89 2778 193 2832 probare
208 2780 315 2834 impiique
332 2777 462 2835 prdidrence
489 2777 548 2820 data
566 2777 607 2818 cat.
628 2776 687 2819 -Δ,
701 2773 802 2829 Perfidia
823 2786 862 2816 eo·

92 2854 149 2896 pour
167 2841 221 2893 l'un,
231 2848 254 2884 at
272 2853 312 2896 pur
329 2840 464 2896 consequent
488 2839 585 2889 solvam,
597 2838 649 2880 dans
660 2837 681 2881 la
690 2847 742 2880 aens
752 2837 779 2880 de
788 2836 859 2893 pers>

92 2905 149 2950 ticnt
163 2905 208 2948 lieu
216 2905 246 2947 du
255 2903 390 2959 compar-auf.
401 2925 428 2935 -
440 2902 461 2946 Ξ.
489 2902 535 2947 die
547 2902 657 2949 crimina.

722 3001 779 3054 Ἁι
