1904 3216
300 186 334 234 ul·
352 186 497 236 sanlusrll
507 182 646 236 culmus.
811 181 857 231 lus

88 301 174 361 ltaque
183 300 264 348 omnis
276 300 365 361 gratia,
381 299 496 363 potentia.
510 299 598 356 honos,
615 297 707 349 diviliae
721 298 786 359 apud
800 296 855 346 illos

87 377 154 426 sunt,
165 377 208 418 aut
219 370 262 418 ubi
273 371 309 419 illi
317 373 414 428 volunl;
431 370 501 419 nobis
508 371 632 431 reliquere
642 369 761 432 pericula.
774 369 855 430 repul·

88 443 176 502 sasldl
182 442 285 500 judicia,
298 449 440 503 egestatem.
455 441 513 496 Quae
524 454 653 502 quousque
665 439 763 488 tandem
778 439 855 501 palie-

88 512 158 566 mini‚
168 513 306 561 fortissumi
322 512 384 562 riri'l
397 513 480 561 donna
486 512 566 562 emori
575 525 621 574 per
627 511 745 559 virtutem
754 515 856 572 praestat

88 595 163 644 quam
176 583 251 631 vitam
261 582 378 632 miseram
392 590 467 644 atque
475 583 640 639 inhonestam,
657 582 701 631 ubi
716 581 802 630 aliena
811 594 856 629 su·

87 652 182 714 perbiae
195 652 304 702 ludibrio
327 653 415 709 fueris,
429 667 474 716 per
491 652 600 703 dedecus
616 651 753 701 amittere?
766 651 856 698 ferum

87 723 457 786 enimver·o.pr0lldeumntq11e
471 724 602 773 hominum
610 723 685 772 fldem
695 724 700 770 l
711 719 815 770 victoria
827 719 856 768 in

88 793 299 847 manunohisesl.
308 793 450 855 rigetaelas,
459 793 558 842 animus
567 793 740 849 valannonus
755 789 856 838 illisan-

89 861 208 925 nisatque
215 862 310 912 divitiis
324 863 408 912 omnia
422 871 615 912 consenuerunt.
630 859 808 911 Tantummodo
814 859 855 909 in-

88 938 288 996 ceptoopusest3
304 940 384 982 cetera
392 947 432 982 res
439 934 472 996 (l)
482 933 603 994 expediet.
614 931 774 993 Etenimquis
787 943 858 981 rnor-

88 1003 331 1065 lalium,qu0iririle
345 1003 473 1064 ingenium
487 1011 534 1059 est,
543 1004 648 1051 tolerare
661 1008 749 1064 potest,
763 999 857 1050 illisdi·

87 1073 158 1122 vitias
169 1087 297 1136 superare,
314 1086 376 1135 quas
389 1073 540 1136 profundant
550 1073 576 1122 in
587 1072 737 1122 exstruendo
754 1070 818 1121 mari
831 1076 856 1119 ef

88 1143 213 1192 montibus
226 1142 387 1204 'coaequandis
404 1143 446 1205 (5),
460 1143 533 1193 nobis
552 1156 607 1191 rem
620 1141 769 1190 familiarem
780 1139 857 1189 eliam

88 1213 119 1262 ad
125 1212 264 1262 necessaria
271 1212 433 1263 deessefillos
440 1214 511 1262 binas
518 1219 561 1263 aut
567 1212 675 1274 amplius
683 1213 770 1260 domos
776 1210 857 1260 couti-

88 1297 175 1340 nuere,
190 1282 263 1332 nobis
277 1283 355 1332 larem
376 1284 524 1334 familiarem
544 1296 667 1346 nusquam
689 1282 769 1331 ullum
782 1282 857 1331 esse?

89 1353 165 1407 Ouum
172 1351 277 1408 tabulas,
284 1351 363 1413 signa,
371 1358 508 1401 toreumata
515 1357 609 1407 emunt,
617 1363 679 1398 nora
685 1350 800 1405 diruunt,
808 1347 858 1398 alie

88 1422 220 1480 ediderant,
234 1428 360 1484 postremo
376 1423 492 1471 omnibus
507 1421 585 1470 modis
598 1420 730 1483 pecuniam
743 1419 853 1474 trahunt,

88 1499 177 1542 vexant
189 1492 232 1554 (d),
242 1498 325 1540 tamen
339 1505 435 1540 summa
452 1491 562 1540 lubidine
573 1490 672 1539 divilias
685 1504 743 1540 suas
755 1489 856 1538 vincere

88 1569 224 1626 nequeunt.
242 1565 270 1611 lt
281 1562 353 1610 nobis
373 1569 410 1610 est
420 1563 487 1610 dorni
502 1561 594 1624 inopia,
610 1561 672 1609 foris
688 1573 722 1609 aes
736 1560 853 1615 alienum,

88 1634 207 1692 maures,
215 1647 272 1695 spes
282 1634 359 1681 multo
373 1632 499 1694 asperl0r;
513 1631 620 1693 denique
629 1629 690 1691 quid
703 1629 793 1692 reliqui
808 1631 855 1678 lm·

88 1704 175 1752 bemus
181 1710 274 1766 praeter
281 1704 399 1752 miseram
407 1703 534 1750 animam?

118 1774 182 1828 Quin
189 1774 268 1835 igilur
280 1772 503 1835 expergiscimini?
517 1774 552 1821 lln
567 1772 617 1829 illa,
631 1772 682 1828 illa,
698 1785 773 1833 quam
790 1785 854 1823 sam*

87 1845 198 1906 optastis,
205 1845 319 1893 libertasl
328 1851 450 1905 praeterea
457 1843 560 1900 divitiae,
568 1843 651 1897 decus,
658 1843 736 1903 gloria
745 1843 767 1889 in
777 1856 800 1888 m
807 1839 854 1889 uli·

87 1915 135 1964 sila
147 1920 215 1963 sunt.
232 1915 339 1962 Fortuna
358 1913 440 1962 omnia
453 1928 481 1961 ea
496 1914 631 1962 victoribus
644 1913 747 1975 praemia
762 1912 845 1973 possut

88 1987 143 2041 fles.
151 1992 258 2047 tempus
266 1985 384 2046 pericula,
393 1992 496 2047 egestas,
504 1985 563 2033 belli
572 1984 650 2046 spolia
665 1982 793 2043 nugulliea
803 1996 856 2030 nra-

88 2056 126 2118 gis
138 2070 215 2117 quam
229 2055 308 2105 oralia
321 2069 375 2104 mea
389 2070 430 2104 ros
442 2057 584 2104 hortentur.
602 2054 641 2102 llel
653 2053 803 2114 imperalore
816 2054 852 2099 rel

88 2125 168 2174 milite
175 2140 215 2174 me
229 2125 428 2187 ulimini5neque
443 2125 541 2174 animus
557 2137 636 2186 neque
650 2136 740 2184 eorpus
754 2136 768 2170 a
784 2122 853 2170 robis

87 2197 176 2247 aberit.
189 2198 244 2246 llaee
256 2197 318 2257 ipsa,
331 2204 359 2244 uf
372 2208 453 2256 spero,
469 2196 597 2245 nobiseum
611 2208 659 2242 una
674 2194 760 2242 consul
772 2206 852 2254 agam,

88 2269 208 2317 nisiforle
215 2267 358 2316 meanimus
365 2266 439 2322 fallit,
448 2273 473 2314 et
481 2280 523 2314 ros
531 2265 625 2314 servire
634 2263 715 2325 magis
723 2276 797 2325 quam
804 2263 854 2311 im-

87 2354 174 2403 perere
181 2339 260 2402 parali
268 2340 337 2389 eslis.

86 2485 142 2528 -5.
160 2482 290 2539 Repulsus:
307 2494 331 2524 ce
346 2481 456 2535 nmls'ap-
481 2480 548 2532 eilde;
568 2486 618 2522 nole
643 2478 664 2530 9,
689 2490 711 2534 p.
729 2475 763 2522 ff.
787 2502 814 2512 -
829 2480 850 2524 6.

87 2547 161 2602 plique
170 2544 389 2600 particulidremenrd
400 2543 455 2584 Gali-
484 2541 590 2592 Trahere,
602 2552 693 2592 vexare,
703 2539 809 2584 revieutl
819 2539 852 2584 l'i-

88 2606 139 2657 lina,
148 2606 187 2660 qui
197 2606 268 2647 s's'lnit
284 2603 345 2659 porte
355 2603 454 2645 candidat
481 2602 521 2645 dds
530 2602 557 2644 da
570 2601 614 2644 mal
624 2613 683 2653 user,
693 2601 773 2644 abuser
788 2608 851 2644 oulrs

86 2679 141 2721 pour
151 2667 171 2709 le
181 2667 288 2717 consulat,
299 2666 368 2720 etqui
379 2666 410 2706 fut
420 2677 455 2706 re·
482 2675 576 2705 mesura.
584 2661 609 2703 ll.
617 2661 701 2704 Naudet
707 2673 807 2717 compare
815 2675 852 2705 ees

86 2727 171 2781 poussd.
190 2749 217 2760 -
238 2729 258 2770 l.
288 2728 337 2778 fles,
359 2727 453 2776 l'aelion,
482 2731 563 2767 termes
578 2736 629 2766 arec
647 2722 668 2765 la
685 2723 851 2766 locutionfrnn·

87 2787 215 2831 l'exdculion
231 2789 308 2831 meme.
328 2811 356 2820 -
373 2789 393 2830 ὃ.
410 2787 455 2830 Es-
482 2787 540 2838 qaise
551 2800 556 2827 ι
567 2786 849 2839 fourmenfersasorfune.

88 2849 197 2894 struendo
206 2850 277 2900 mari,
294 2850 409 2893 moralibus
419 2862 456 2892 co·
482 2848 574 2891 Sallusle
584 2848 616 2890 dit
629 2847 730 2899 allieurs„
738 2846 801 2891 dane
810 2861 855 2902 qm·

85 2912 214 2968 aequandis,
233 2924 279 2968 roy.
299 2912 320 2954 la
340 2911 455 2954 Narrnlion
484 2910 534 2957 fria
546 2910 670 2957 lacerare·
