1904 3216
87 210 121 258 ⁴28
394 208 558 260 butticulas

88 331 141 373 tem
155 326 306 386 senatdsipsr
317 325 450 386 apatribus
459 326 616 388 accepissent,
627 338 702 386 quam
713 323 800 373 liberis
808 329 860 373 tra-

86 392 253 442 dituriessent
265 408 272 449 ;
283 401 320 450 ut,
331 396 538 454 quemadmodum
546 396 623 457 plebs,
639 394 743 456 gloriari
752 401 860 456 possent,

89 465 225 512 auctiorem
233 463 430 528 amplioremque
439 465 513 531 esse]
523 466 608 514 Finem
617 479 677 527 ergo
684 480 732 515 non
748 465 803 514 fieri
815 478 862 515 nec

88 534 301 588 futuramdonec,
313 547 389 595 quam
399 533 631 590 ielicesseditiones,
639 540 690 582 tam
704 532 862 583 bonoratise·

87 603 213 652 ditionum
226 611 337 654 auctores
350 612 440 653 essent.
451 605 514 661 Quas
527 611 682 666 quantasque
694 617 735 653 res
744 605 769 652 C.
783 604 863 653 (lanu

88 675 166 724 leium
180 677 338 736 aggressum!
348 676 514 726 Gollurionem
521 676 633 737 gentium
638 675 682 738 (2),
693 674 862 738 perturbatio·

89 758 147 794 nem
159 745 326 806 auspiciorum
339 747 492 808 publicorum
505 746 708 807 privatorumque
715 745 814 802 afferre,
829 759 862 794 ne

89 815 150 878 quid
168 815 269 874 sinceri,
287 817 390 879 nequid
404 816 591 865 incontaminati
604 815 651 872 sit;
663 822 701 873 ut,
716 813 862 863 discrimine

89 886 158 935 omni
170 889 277 946 sublato,
295 902 340 938 nec
354 903 380 937 se
391 889 523 951 qnisquam
536 902 581 937 nec
599 900 657 937 suos
665 886 770 935 noverit.
782 887 862 943 Quam

89 957 157 1004 enim
170 957 246 1007 aliam
256 958 307 1008 vim
322 959 444 1008 connubia
458 959 597 1020 promiscua
609 958 710 1007 habere.
722 956 770 1005 nisi
781 964 811 1006 ut
824 958 862 1006 le-

88 1040 176 1075 rarum
185 1042 262 1090 prope
267 1028 318 1078 ritu
325 1030 457 1091 vulgentur
464 1028 861 1092 concubitusplebisPanumque!

89 1103 126 1156 ut,
138 1098 180 1158 qui
195 1105 268 1147 natus
277 1100 318 1155 sit,
330 1100 429 1160 ignoret
438 1100 509 1160 cujus
515 1099 768 1161 sanguinis,quorum
779 1112 863 1148 sacro-

86 1181 146 1216 rum
156 1168 188 1216 sit
198 1184 205 1225 ;
221 1169 338 1218 dimidius
347 1169 447 1218 Petrum
456 1170 497 1226 sit,
508 1169 627 1217 dimidius
637 1169 728 1231 plebis,
735 1181 766 1217 ne
775 1183 862 1219 secum

86 1239 189 1298 quidem
202 1241 255 1301 ipse
264 1253 375 1289 concors.
385 1239 476 1288 Parum
485 1238 509 1286 id
518 1239 605 1294 videri,
616 1239 682 1301 quod
689 1239 772 1287 onmia
779 1239 862 1288 divina

89 1308 243 1369 humanaque
258 1311 406 1359 turbentur:
425 1311 475 1374 jam
484 1311 514 1358 ad
523 1311 679 1359 consulatum
689 1309 758 1368 vulgi
771 1309 863 1358 turba·

88 1385 155 1428 tores
169 1381 279 1442 accingi;
293 1389 318 1431 et
328 1382 418 1443 primo,
429 1386 457 1430 ut
470 1381 534 1429 alter
545 1382 631 1430 consul
645 1394 674 1430 er
691 1381 763 1442 plebe
778 1380 860 1440 fieret,

86 1453 113 1503 id
130 1455 201 1503 modo
218 1456 373 1504 sermonibus
387 1457 509 1510 tentasse;
527 1469 594 1504 nunc
607 1454 700 1516 rogari,
714 1468 758 1503 seu
771 1467 801 1504 cx
814 1455 862 1504 Pa·

87 1523 179 1581 tribus,
188 1539 270 1574 seuex
279 1526 418 1588 plebevelit,
429 1525 537 1588 populus
546 1526 745 1583 consulescreet;
761 1530 786 1574 et
793 1538 862 1575 crea·

89 1602 157 1645 turos
173 1597 323 1646 hauddubie
337 1611 366 1645 ex
380 1597 452 1659 plebe
463 1596 680 1646 seditiosissimum
694 1609 829 1658 quemque.

118 1667 242 1715 Canuleios
260 1668 335 1728 ipitur
346 1668 478 1730 lciliosque
490 1667 602 1717 consules
612 1668 674 1717 fore.
685 1668 718 1715 Ne
730 1667 756 1716 id
769 1665 862 1730 iuppi-

88 1743 127 1784 ter
135 1736 242 1798 optimus
251 1738 479 1790 niaximussineret.
491 1738 568 1798 regiae
577 1737 713 1798 majestatis
725 1735 861 1799 imperium

83 1819 117 1855 eo
131 1808 259 1856 recidere:
272 1816 297 1857 et
306 1823 332 1857 se
343 1809 433 1856 millies
444 1811 580 1857 morituros
588 1808 669 1869 potius
679 1820 755 1868 quam
769 1815 796 1855 ut
808 1813 862 1856 tan-

87 1882 140 1925 tum
154 1876 280 1926 dedecoris
293 1877 390 1926 admitti
403 1877 543 1939 patiantur.
555 1877 656 1926 Certum
666 1876 766 1933 habere,
778 1875 863 1937 majo-

87 1960 128 1995 res
139 1961 245 2010 quoque,
265 1949 286 1998 si
301 1949 460 2006 divinassent,
473 1948 629 1998 concedendo
643 1948 735 2004 omnia,
754 1945 863 1995 nonmi-

86 2017 176 2066 dorem
183 2019 241 2068 inse
247 2019 351 2081 plebem,
359 2020 402 2067 sed
409 2019 570 2080 asperiorem,
581 2019 628 2067 ulia
635 2016 725 2065 exaliis
733 2016 862 2078 iniquiora

86 2089 232 2149 postulando
248 2102 325 2151 quum
339 2089 418 2149 prima
440 2089 606 2149 impetrasset,
628 2087 751 2142 suturam,
776 2085 861 2147 primo

88 2158 227 2219 quamlibet
239 2158 425 2206 dimicationem
431 2158 558 2206 subituros
564 2157 639 2205 luisse
644 2158 727 2217 potius
735 2168 811 2217 quam
818 2169 860 2204 eas

88 2227 155 2287 leges
162 2228 595 2290 sibiimponipaterentur.0uintum
602 2226 633 2290 (ὅ)
645 2239 787 2275 concessum
793 2225 861 2274 silde

86 2299 206 2356 tribunis,
221 2298 314 2347 iterum
331 2312 476 2347 concessum
490 2311 550 2347 esse.
566 2298 652 2346 Finem
665 2294 796 2344 ponderi:
810 2307 859 2345 non

86 2380 158 2428 posse
173 2368 199 2416 in
219 2368 306 2416 eadem
319 2367 417 2417 civitate
429 2368 544 2416 tribunos
556 2366 635 2429 plebis
652 2372 676 2413 et
689 2364 774 2412 Patres
787 2377 858 2414 esse:

84 2438 203 2485 autbunc
209 2437 323 2486 ordinem
330 2445 371 2487 aut
380 2438 450 2486 illum
458 2437 633 2498 magistratum
639 2434 778 2485 tollendum
786 2447 857 2483 esse:

87 2508 221 2569 potiusque
232 2522 287 2557 sero
300 2523 373 2571 quam
383 2522 511 2571 nunquam
521 2507 616 2556 obviarn
629 2506 739 2555 eundum
750 2505 861 2554 audaciae

86 2577 283 2640 temeritatique.
292 2578 507 2641 lllineutimpune
517 2578 599 2640 primo
606 2576 742 2626 discordias
749 2585 860 2626 serentes

87 2648 210 2696 concitent
222 2649 327 2698 finitima
337 2650 411 2706 bella,
424 2649 513 2697 deinde
526 2650 641 2697 adversus
656 2661 692 2702 ea,
707 2659 763 2708 quae
774 2648 861 2696 conci·

86 2717 201 2774 laverint,
216 2719 308 2768 armari
326 2719 453 2768 civitatem
468 2719 618 2781 delendique
638 2717 804 2780 prohibeantt
825 2722 858 2777 et,

85 2804 172 2849 (infera
183 2807 271 2852 blenda
283 2808 392 2852 l'omettre
406 2809 460 2851 dans
488 2810 549 2852 avoir
564 2808 624 2852 seuls
638 2811 736 2865 pentem,
748 2807 807 2850 seule
815 2819 861 2852 aas·

88 2865 109 2910 la
125 2869 255 2912 traduction.
271 2893 298 2903 -
311 2871 332 2914 2.
344 2870 460 2914 Gentium.
487 2871 570 2926 spicia,
580 2871 725 2922 c'estddire,
734 2869 755 2913 le
765 2869 823 2913 droit
831 2871 859 2915 dc

1 2930 3 2937 '
86 2928 128 2972 las
157 2932 276 2985 patriciatu
309 2931 461 2988 pretendnient
487 2934 599 2977 consulter
608 2932 640 2976 les
648 2930 782 2976 dicun-3.
792 2931 858 2986 Tum,
