1904 3216
142 180 188 230 tot
339 210 344 234 ‚v
445 178 604 229 ORATIONES

142 303 245 346 vestram
255 296 352 354 urbem,
362 294 404 344 sed
413 293 529 352 hostium,
540 295 605 355 quod
617 295 801 352 volentemnon
810 295 833 345 vi
842 310 911 348 coac·

142 376 192 416 tam
201 367 297 429 accepi;
313 373 338 415 et
347 373 429 414 vestra
442 365 603 424 consessione,
612 366 678 427 quod
689 366 716 415 in
725 367 910 418 conditionibus

141 438 265 487 societatis
276 439 352 498 Argos
363 434 425 484 mihi
434 434 583 496 reliquistis.

171 508 285 557 Ceterum
292 520 380 556 nomen
388 504 486 566 tyranni
497 510 522 552 et
529 505 591 553 lacta
599 519 639 554 me
649 512 774 566 premunt,
783 506 849 568 qnod
858 521 910 557 sen·

130 592 182 627 ‘vos
194 577 225 626 ad
240 577 380 625 libertatem
394 587 461 631 voco,
475 575 540 637 quod
559 575 584 622 in
609 590 680 639 agros
698 576 797 639 inopem
812 578 909 641 plebem

99 645 102 651 ’
139 650 241 698 deduco.
255 648 289 697 lie
306 646 407 697 nomine
421 645 468 694 hoc
481 646 631 708 respondere
645 661 755 709 possum,
774 662 822 705 me,
844 664 908 713 qna-

139 719 347 780 liscnmquesum‚
358 717 464 766 eundem
480 729 532 764 esse
543 716 586 777 qui
600 717 646 773 ini,
660 731 737 778 quum
751 718 844 780 tuipse
854 734 908 770 me-

139 804 205 848 cum,
225 791 251 838 t.
273 787 380 847 Quincti,
394 786 537 836 societatem
552 786 678 848 pepigisti.
693 788 755 837 Tum
767 797 808 836 me
821 803 907 852 regem

138 860 259 924 appellari
277 857 496 910 arobismemini:
509 871 576 907 nunc
586 864 717 920 tyranuum
731 861 813 909 vocari
826 861 905 912 rideo.

139 933 225 995 ltaque
234 931 255 980 si
264 943 310 993 ego
319 944 408 980 nomen
414 928 514 991 imperii
523 937 664 983 mutassem.
671 930 733 979 mibi
745 944 806 980 meae
816 933 906 983 incon-

137 1001 251 1059 stantiae;
268 1014 346 1063 quum
355 1012 398 1048 ros
406 997 517 1053 mutetis,
528 999 596 1047 vobis
607 1006 697 1048 vestrae
708 1000 832 1049 reddenda
842 1003 906 1053 ratio

137 1081 183 1125 esi.

169 1142 236 1199 Quod
253 1141 284 1190 ad
300 1138 487 1190 multitudinem
507 1138 586 1187 serris
606 1138 743 1188 liberandis
755 1146 852 1189 auctam
880 1149 906 1193 et

136 1212 266 1278 egentibus
279 1211 388 1261 divisum
399 1223 488 1268 agrum
500 1209 600 1266 attinet,
614 1223 714 1272 possum
729 1210 830 1272 quidem
843 1214 904 1263 etin

136 1286 182 1335 hoc
192 1297 232 1332 me
240 1283 299 1344 jure
313 1280 433 1343 temporis
445 1279 532 1328 tutari.
549 1279 603 1328 lam
616 1279 722 1329 feceram
735 1280 796 1339 baec,
806 1283 905 1344 qualin-

136 1367 242 1415 cumqne
261 1358 327 1410 sunt,
345 1365 422 1415 quum
445 1350 586 1399 societatem
608 1364 706 1399 mecum
727 1351 858 1413 pepigistis
880 1359 905 1404 et

135 1424 225 1473 auxilia
240 1423 344 1473 inbelle
362 1422 478 1471 adversus
496 1420 639 1482 Philippum
654 1422 790 1483 accepistis.
814 1423 862 1472 Sed
881 1426 903 1474 si

129 1509 202 1543 *nunc
215 1507 244 1542 ea
261 1493 381 1550 iecissem,
397 1505 446 1540 non
461 1489 526 1547 dico,
546 1491 607 1553 qnid
628 1491 654 1539 in
670 1506 699 1541 eo
715 1506 757 1540 vos
776 1494 901 1552 laesissem,

138 1572 181 1611 aut
194 1571 303 1612 vestram
321 1562 456 1612 amicitiam
469 1561 619 1610 violasseml
631 1563 674 1611 sed
692 1562 763 1619 illud,
780 1577 821 1614 me
835 1579 903 1614 more

136 1640 211 1696 atque
220 1633 334 1682 instituto
342 1632 465 1693 majorum
478 1631 573 1680 iecisse.
590 1630 669 1679 Nolite
678 1631 709 1680 ad
731 1639 824 1681 vestras
836 1634 903 1695 leges

135 1710 207 1765 atque
224 1703 336 1751 instituta
346 1703 446 1764 exigere
455 1714 483 1750 ea
497 1714 554 1763 quae
565 1701 735 1750 lacedaemone
745 1701 817 1752 finnt.
835 1705 902 1759 Nihil

134 1787 278 1836 comparare
294 1773 499 1835 singulanecesse
512 1778 558 1820 est.
575 1772 620 1821 llos
638 1786 735 1821 acensu
752 1774 869 1836 equitem,
888 1791 903 1826 a

135 1858 210 1892 censu
222 1843 329 1906 peditem
343 1843 438 1903 legitis
446 1848 471 1891 et
479 1854 569 1905 paucos
576 1842 694 1891 excellere
703 1843 800 1905 opibus,
806 1845 903 1907 plebem

135 1913 330 1973 subjectamesse
352 1913 412 1969 illis,
431 1911 514 1960 tultis.
538 1911 623 1960 Noster
637 1912 787 1974 legumlator
807 1928 856 1963 non
875 1916 902 1964 in

134 1997 270 2044 paucorum
288 1996 364 2032 manu
383 1982 560 2045 rempublicam
581 1996 636 2031 esse
659 1983 745 2039 voluit,
765 1998 841 2046 quem
860 2000 902 2036 vos

133 2061 247 2102 senatum
256 2051 387 2116 appellatis
395 2053 429 2117 (ὅ)
440 2069 447 2108 ;
459 2066 505 2102 nec
519 2053 637 2102 excellere
648 2066 726 2102 unum
745 2061 787 2102 ant
796 2055 901 2105 alterum

133 2124 246 2172 ordinem
256 2122 282 2171 in
296 2123 406 2180 civitate;
425 2123 467 2171 sed
480 2137 525 2183 per
535 2123 698 2185 aequationem
708 2125 849 2174 fontumens
859 2125 901 2174 di-

133 2193 234 2253 gnitatis
242 2194 293 2241 lore
307 2192 414 2241 credidit
424 2192 529 2240 utmulti
541 2191 673 2254 essentqui
683 2206 752 2240 arma
765 2208 810 2254 pro
822 2196 900 2256 patria

132 2265 236 2312 terrent.
252 2263 369 2312 Pluribus
387 2276 428 2311 me
444 2262 577 2324 peregisse.
596 2275 670 2323 quam
686 2276 731 2323 pro
749 2266 830 2325 patrio
846 2279 901 2315 ser·

133 2346 206 2381 utone
221 2332 264 2394 (d),
280 2333 366 2380 fateor.
392 2332 419 2379 Et
443 2331 551 2379 breviter
572 2337 713 2392 peroratum
729 2344 784 2380 esse
801 2335 899 2395 potnit:

134 2473 181 2502 esse
208 2461 310 2514 probem.
336 2484 362 2492 —
380 2461 400 2504 5.
420 2460 506 2503 Pauco-
534 2458 665 2514 repubnquo
675 2472 758 2503 comme
770 2464 900 2505 unearisto-

134 2534 221 2563 rum...
239 2521 379 2575 quem(ponr
390 2521 454 2576 qnos)
467 2533 506 2564 ecs
533 2524 609 2573 oratic,
626 2529 649 2565 et
664 2523 685 2566 le
701 2525 761 2567 senat
777 2536 861 2568 comme
878 2528 899 2570 le

134 2586 241 2624 senatum
252 2582 385 2636 appellatis,
394 2584 505 2625 attraction
533 2583 593 2639 siege
608 2585 638 2628 du
653 2593 831 2639 gouvernement.
840 2611 868 2620 -
877 2589 898 2632 l.

135 2655 194 2685 assez
204 2643 286 2694 usuro,
297 2655 343 2698 vop.
352 2642 456 2690 [turboni.
463 2644 501 2686 Gr.
529 2646 601 2698 Quum
610 2659 654 2702 pro
663 2648 743 2703 patrio
755 2661 866 2701 somnone,
877 2650 899 2694 le

136 2704 204 2756 lang
221 2703 267 2746 iol.
284 2704 391 2748 Tite-live
407 2709 502 2761 exprime
530 2710 654 2752 laconismo.
666 2713 693 2754 La
704 2711 765 2765 locon
776 2713 802 2754 de
820 2713 840 2754 ln
850 2714 899 2768 plu-

135 2765 274 2807 icitres-bien
284 2765 395 2821 l'lddeque
403 2767 503 2810 lesGrecs
529 2777 577 2826 part
586 2772 624 2814 des
630 2772 722 2816 editions
729 2786 771 2829 pro
778 2776 865 2829 patris
871 2788 900 2822 ou

133 2839 158 2869 so
172 2828 274 2870 laisaient
290 2828 317 2871 de
327 2828 347 2870 la
362 2831 502 2873 constitution
527 2833 900 2888 patriosermonebreoiiatiscon·

127 2889 231 2930 romairo
239 2903 246 2931 ,·
255 2889 285 2932 ils
293 2891 433 2944 regardaieut
446 2898 502 2935 cette
530 2895 584 2936 tiont
593 2906 637 2937 une
643 2894 711 2950 glose.
