1904 3216
84 188 118 236 aa
381 153 552 238 'ortationes

88 302 165 349 incepto
183 301 262 341 immitte
280 301 361 343 animus,
379 305 420 338 tum
432 303 456 338 tl.
470 300 540 338 Fabius
549 300 651 343 ambulas,
671 298 759 347 magistri
767 298 855 345 equitum

87 352 151 394 pater,
161 346 186 384 ad
197 347 290 394 populum
304 351 396 394 provocat
408 360 412 382 :

114 448 210 504 Puisque
223 449 244 491 lc
254 449 361 491 dictateur
377 456 410 490 est
424 447 557 498 inexorable,
576 445 655 488 Fabius
672 458 699 488 cn
715 443 800 498 appelle
813 456 855 485 aux

88 511 182 561 trihuus,
190 523 220 552 au
229 509 320 565 peuple;
331 509 351 550 le
359 509 437 564 peuple
446 516 479 551 est
487 509 537 564 plus
545 508 645 564 puissant
656 519 699 562 que
706 504 727 550 le
737 505 854 548 dietateur.

87 572 120 614 llu
129 572 162 614 roi
172 572 199 615 tle
209 571 284 623 Rome,
296 571 380 622 Tullus,
390 571 442 614 ceila
455 572 468 613 a
478 578 513 614 cet
521 570 593 625 appel.

119 684 321 747 Quandoquidem
326 684 392 749 apud
399 691 473 735 tenec
481 684 617 734 auctoritas
625 688 734 740 senatus,
743 695 789 731 uec
797 688 857 731 aetas

51 797 53 801 Α
88 769 153 813 mea,
165 755 206 804 cui
223 754 357 804 orbitatem
373 769 452 817 paras,
465 769 510 804 nec
526 755 605 803 virtus
625 753 791 815 nobilitasque
803 766 858 801 ma·

88 825 164 889 gistri
174 825 288 888 equitum
299 839 312 873 a
326 832 351 874 te
359 825 412 888 ipso
424 825 542 874 nominati
553 827 630 886 valet;
641 838 687 873 nec
696 836 791 886 preces,
801 836 858 885 quae

90 896 254 959 saepehostem
261 895 412 957 mitigavere,
422 910 477 958 quae
484 897 588 945 deorum
595 895 646 944 iras
655 895 766 957 placant:
777 893 857 942 tribu·

89 981 136 1016 nos
145 966 224 1030 plebis
234 966 339 1029 appello,
351 973 377 1016 et
386 981 489 1030 provoco
508 968 538 1017 ad
553 967 681 1030 populum,
695 978 802 1026 eumque
811 964 857 1013 tibi

89 1037 197 1098 fugienti
206 1037 327 1087 exercitus
333 1037 377 1094 tui,
391 1036 742 1099 tugientisenatusjndioium,
749 1034 858 1096 judicem

89 1106 159 1164 lero;
176 1107 220 1169 qui
234 1113 301 1155 certe
310 1102 375 1156 un'ua
385 1106 441 1169 plus
453 1121 529 1170 quam
538 1115 579 1156 tua
585 1107 707 1155 dictatura
715 1111 795 1168 potest
804 1105 859 1168 pol·

90 1179 184 1242 terque.
200 1177 288 1226 llidero
300 1191 447 1227 cessurusne
458 1177 628 1242 provocationi*
637 1177 679 1236 sis,
696 1175 738 1225 cui
753 1188 797 1224 rex
811 1173 860 1223 llo·

90 1262 182 1299 manus
192 1239 277 1297 'lullus
287 1248 406 1297 Hostilius
416 1248 455 1311 (1)·
464 1248 546 1299 cessit.

347 1416 349 1423 ·
439 1405 507 1454 tttttt

156 1528 210 1592 Cap.
224 1528 264 1578 st.
283 1527 357 1579 Verba
369 1530 401 1579 M.
419 1528 546 1593 Fabiipro
559 1529 624 1594 filio,
634 1527 660 1576 in
670 1526 787 1578 rotarioro

117 1671 143 1705 Ex
152 1667 205 1705 curia
212 1667 231 1704 iu
240 1667 351 1717 concionem
361 1667 411 1714 itur;
421 1666 448 1706 ibi
456 1668 481 1706 ll.
490 1667 560 1706 Fabius
568 1667 656 1715 increpat
665 1664 778 1716 superbiant
785 1664 859 1703 crate·

91 1711 205 1759 litatemqua
211 1711 294 1761 Papini:

118 1810 199 1852 lamais
208 1809 316 1852 dictateur
327 1822 355 1852 na
370 1811 404 1853 lut
420 1811 481 1852 aussi
493 1809 612 1852 intolerant
625 1821 669 1862 que
686 1805 798 1861 Papirius;
811 1804 861 1848 Cin-

92 1870 201 1920 cinnama,
220 1868 319 1921 Camillo,
334 1883 362 1913 uc
381 1870 455 1913 iurent
472 1871 531 1924 point
553 1870 570 1910 si
589 1870 716 1922 rigoureux.
731 1865 760 1909 ba
780 1866 861 1920 peuple

93 1933 164 1975 metue
176 1931 211 1974 n'a
218 1931 297 1986 jamnis
308 1931 429 1975 condamus
438 1932 487 1986 qu'it
500 1943 543 1974 une
552 1929 644 1973 amende
657 1941 711 1970 ceux
724 1928 764 1983 qui
775 1927 862 1969 avaient

92 1991 270 2035 tcmemiremcnt
285 1993 353 2047 perdu
365 1993 404 2036 des
417 1991 514 2042 armees,
530 1999 553 2034 et
568 2003 598 2032 un
612 1990 736 2044 vainqueur
747 2001 795 2031 sara
805 1988 862 2032 livre

92 2053 136 2096 ala
145 2053 224 2096 hachel
236 2053 280 2104 Qua
290 2054 393 2097 serait-ce
407 2054 469 2105 douc,
485 2053 518 2095 s'il
535 2054 573 2096 elit
586 2052 621 2095 ete
634 2053 727 2095 vaincul
739 2051 806 2094 Roma
816 2049 863 2094 doit

92 2115 213 2159 ramercier
221 2115 254 2156 les
266 2114 330 2158 dieux
340 2121 362 2158 et
369 2128 411 2157 uon
421 2127 499 2158 causer
509 2127 539 2157 un
549 2115 609 2156 deuil
622 2114 660 2169 qui
671 2113 762 2156 leraitla
769 2112 817 2168 ioIe
824 2111 863 2155 des

92 2190 199 2220 eunomus.

125 2276 155 2324 Se
169 2289 267 2338 qnoque
284 2276 431 2324 dictatorem
450 2276 531 2324 Romae
547 2276 632 2329 luisse.
647 2287 720 2323 neca
739 2288 766 2322 se
784 2287 864 2335 quen-

93 2359 178 2406 quam,
200 2359 232 2393 ne
247 2345 326 2407 plebis
345 2344 444 2407 quidem
459 2345 595 2393 hominem.
615 2358 664 2393 non
682 2342 863 2400 centurionem,

94 2427 145 2463 non
162 2414 267 2463 militem
281 2414 412 2471 violatum;
433 2415 560 2476 Papirium
576 2420 694 2476 tanquam
712 2427 741 2461 ex
755 2413 864 2462 hostium

93 2485 208 2544 ducibus,
224 2485 260 2534 sic
273 2500 301 2534 ex
312 2485 419 2535 Romano
435 2485 583 2546 imperatore
597 2486 726 2534 victoriam
738 2493 762 2533 et
773 2484 865 2533 trium-

94 2555 173 2618 phum
188 2559 279 2616 petere.
296 2557 419 2612 Quantum
440 2555 570 2605 interesset
586 2555 653 2606 inter
670 2554 865 2604 moderationem

96 2624 263 2685 antiquorum,
274 2632 298 2673 et
308 2639 396 2674 novam
409 2625 551 2688 superbiam
560 2625 795 2688 crudelitatemque!
809 2623 865 2673 llic-

96 2701 203 2744 tatorent
214 2694 354 2750 Quinctium
363 2695 544 2755 Cincinnatum,
557 2695 584 2744 in
594 2696 620 2744 l.
634 2694 767 2744 llinucium
777 2707 866 2744 constt-

124 2818 182 2862 lxx.
208 2820 228 2862 l.
255 2817 297 2862 Cui
324 2832 366 2863 rec
388 2819 467 2863 Tullus
493 2826 554 2864 ment
563 2820 591 2864 tle
599 2821 657 2863 colui
667 2820 706 2863 (las
715 2818 813 2865 lloracas.
826 2821 865 2878 qui

97 2880 211 2924 Hostiliam
225 2880 300 2932 cessit,
312 2881 366 2924 dans
376 2881 468 2937 lejuge·
494 2881 552 2924 avait
560 2880 598 2924 tue
609 2893 632 2923 sa
641 2891 707 2923 accur.
