1904 3216
333 191 370 245 tx
385 190 454 241 letl
471 188 559 239 nitito
575 189 617 239 IX.
815 185 860 236 too

87 307 205 366 eredunt3
216 307 277 356 dum
284 318 441 370 quacumque
453 304 593 354 conditione
605 320 674 354 arma
685 303 746 353 viris
753 304 779 352 in
790 317 860 353 armo

88 377 156 426 natis
166 375 398 426 auferretestinant.
408 381 450 429 nn,
464 374 486 423 si
502 384 559 424 sano
572 389 642 424 mens
651 374 747 432 fuisset,
761 374 861 424 difficile

88 447 143 496 iliis
153 448 209 500 tuit
219 447 279 495 dnm
287 459 358 494 senes
366 444 397 492 sb
404 445 477 493 domo
484 445 515 493 ad
521 446 713 495 consultandum
722 451 859 507 arcessunt,

90 519 192 568 mittere
201 519 304 565 Romam
315 516 417 578 legatos,
430 529 487 564 eum
496 523 653 571 senatn,cum
662 516 753 578 populo
763 517 861 578 depnce

88 602 118 638 nn
135 589 230 636 toedere
246 587 336 650 ageret
353 585 437 634 Tridui
451 586 498 633 iter
512 586 632 649 expeditis
647 592 700 635 erat
723 570 822 636 interea
834 586 861 634 in

89 657 201 708 induciis
212 670 253 706 res
262 656 360 712 luisset,
377 655 455 705 donec
465 655 495 704 ab
506 656 581 706 Roma
592 658 667 719 legati
680 663 723 707 nm
731 659 861 708 victoriam

88 727 140 777 iliis
147 735 243 777 certam
251 734 385 788 notpocem
395 726 522 775 offerrent.
532 727 563 775 lio
573 728 672 778 demum
680 728 780 791 sponsio
787 735 860 779 esset.

89 813 163 861 quom
172 799 256 862 popul·
266 797 338 858 jussu
347 797 570 858 spopondissemus.
587 799 633 848 sed
642 813 724 862 neque
736 799 861 848 vostuiis-

89 870 157 925 setis,
167 881 214 918 neo
227 881 273 916 nos
286 866 502 930 spopondissemus
515 884 520 913 :
532 869 620 918 nectas
628 869 677 917 fnit
686 869 763 918 alium
773 882 859 918 rerum

88 940 182 989 exitum
193 952 257 996 esse,
275 951 348 1000 quom
364 944 392 986 ut
409 935 445 986 ilii
472 938 540 986 velut
553 940 648 988 somnio
662 940 767 995 laetiore,
785 953 860 1001 qnam

87 1009 152 1072 qnod
167 1013 264 1058 mentes
275 1020 362 1057 eorum
375 1020 463 1068 capere
476 1015 586 1070 possent,
601 1009 764 1072 nequicquam
779 1009 863 1058 elude·

86 1087 186 1138 rentur,
201 1085 226 1128 et
237 1086 352 1128 nostrum
373 1079 508 1128 exercitum
527 1079 621 1134 endem,
636 1093 692 1142 quae
706 1080 859 1141 impedierat.

86 1152 186 1201 fortuna
197 1149 426 1211 expediret;mnom
449 1149 578 1198 victoriam
597 1151 685 1200 vanior
703 1151 800 1199 irritam
822 1152 860 1198 tn-

86 1230 155 1273 ceret
166 1235 220 1284 pan
233 1221 330 1283 sponsio
338 1220 550 1283 interponeretur,
557 1235 613 1284 quae
626 1223 753 1272 neminem
768 1229 860 1284 praeter

86 1305 232 1354 sponsorem
243 1290 371 1351 obligaret.
387 1291 450 1350 Quid
465 1292 532 1340 enim
550 1292 685 1350 vobiscum,
701 1295 786 1343 Patres
800 1293 860 1342 Con-

86 1363 187 1426 soripti,
199 1362 260 1425 quid
276 1375 332 1410 enm
348 1361 439 1423 poputo
457 1360 566 1411 Romano
586 1371 668 1412 actum
682 1366 736 1413 est?
749 1363 807 1426 qnis
818 1378 861 1413 vos

86 1433 215 1495 appellare
229 1431 329 1494 potest?
340 1431 396 1492 qnis
405 1445 432 1480 se
444 1445 459 1480 s
474 1431 543 1481 robis
555 1433 636 1482 dicere
648 1433 800 1494 demptum?
813 1434 861 1483 Ηο-

87 1502 133 1551 stis
141 1500 154 1547 ‘t
163 1513 195 1548 on
207 1501 287 1549 citis?
300 1500 366 1548 liosti
377 1499 440 1548 nihil
451 1501 617 1563 spopondistis
630 1519 635 1549 :
647 1503 724 1551 civem
736 1505 859 1551 neminem

86 1571 211 1636 spondere
221 1584 267 1632 pro
278 1571 347 1619 robis
356 1570 473 1632 jussistis.
485 1570 550 1619 Nihil
560 1584 621 1632 ergo
634 1572 702 1621 vobis
716 1586 762 1621 nee
780 1573 862 1621 nobis-

85 1655 144 1693 eum
156 1648 204 1700 est,
220 1641 308 1702 quibus
321 1641 382 1689 nihii
394 1641 537 1696 mandastis,
558 1655 604 1691 nec
619 1656 675 1691 omn
698 1643 860 1700 Samnitibus,

86 1727 146 1763 enm
161 1713 255 1775 quihus
271 1712 333 1760 nihil
353 1711 448 1772 egistis.
463 1710 612 1760 samnitibus
624 1726 754 1775 sponsores
764 1725 810 1761 nos
822 1728 861 1762 su·

87 1799 153 1840 mus,
165 1783 203 1832 rei
216 1783 274 1832 setis
285 1781 420 1844 locupletes
431 1781 463 1845 (8)
479 1781 504 1829 in
510 1781 536 1830 id
545 1784 610 1844 qnod
622 1789 733 1831 nostrum
747 1790 793 1841 est,
803 1799 828 1832 rn
837 1785 860 1831 id

87 1855 155 1918 qnod
166 1863 286 1916 proestare
293 1866 433 1916 possumus,
454 1865 557 1915 corporo
572 1860 656 1901 nostro
668 1861 693 1902 et
709 1856 803 1902 animos
818 1853 861 1901 :in

88 1927 268 1980 haeosaeriant;
280 1925 306 1972 in
320 1925 373 1973 haec
383 1926 489 1982 terrum,
504 1937 532 1972 rn
548 1924 600 1973 haec
615 1924 663 1972 iras
679 1932 775 1974 serrant.
793 1926 862 1979 Quod

88 1998 121 2048 nd
133 1997 250 2047 tribunos
262 1995 357 2050 attinet,
370 1993 493 2042 consulite
502 2001 586 2042 utrnm
599 2009 708 2056 praesens
719 1996 812 2043 deditio
823 2009 863 2043 eo·

88 2081 148 2118 rum
161 2065 217 2114 tieri
226 2065 312 2128 possit,
326 2078 357 2111 an
368 2063 392 2110 in
409 2063 474 2111 diem
488 2063 625 2111 ditteratnr.
650 2065 697 2112 dos
712 2063 822 2122 interim,
835 2064 861 2111 T.

88 2136 186 2193 resurr,
197 2149 288 2196 rosque
304 2134 390 2190 ceteri,
411 2134 469 2183 vilia
482 2136 533 2183 traee
549 2135 629 2196 capito
642 2135 739 2183 lnendae
752 2132 863 2194 sponsio-

89 2208 129 2256 nis
140 2208 174 2269 t⁹l
191 2207 308 2261 teramus,
324 2212 350 2254 et
363 2212 449 2253 nostro
459 2203 579 2266 supplicio
600 2203 733 2254 liberemus
755 2203 862 2252 Romana

89 2291 170 2327 mmo.

89 2441 117 2452 ·-
136 2417 157 2462 8.
176 2417 235 2460 Reus
253 2414 413 2470 (sponsionis)
432 2420 466 2457 est
491 2415 729 2469 qualitesndressnires
743 2428 798 2470 pour
813 2429 864 2471 pon·

90 2481 112 2523 ln
126 2480 197 2521 meme
211 2476 278 2518 chose
296 2488 339 2530 que
353 2475 464 2518 obnoxius
492 2483 526 2520 ter
541 2490 570 2519 un
580 2478 716 2532 tornnignnge
731 2479 861 2532 acceptabis.

89 2539 218 2597 sponsioni,
229 2538 268 2593 qni
277 2543 310 2580 est
321 2544 374 2580 tenu
385 2537 466 2580 drem·
491 2561 519 2572 ·-
526 2538 546 2582 9.
558 2538 654 2581 inendae
665 2540 802 2595 sponsionis,
812 2553 864 2595 sup-

91 2606 135 2660 plir
153 2604 313 2657 t'engagemem
327 2600 424 2654 (comme
437 2610 465 2642 on
492 2600 742 2657 pidezronso,quoique
752 2617 777 2646 re
787 2604 866 2657 ponitis

91 2666 123 2710 dit
133 2665 182 2709 ooli
194 2664 270 2714 reus),
284 2661 392 2718 locuples,
405 2661 464 2715 quin
493 2664 535 2705 soit
549 2664 590 2704 nris
608 2675 647 2717 pnr
659 2676 702 2707 uno
716 2674 777 2707 outre
791 2667 863 2707 mison

91 2738 142 2773 tons
158 2728 192 2771 les
211 2737 300 2780 moseos
318 2725 345 2767 de
363 2724 383 2767 le
401 2723 465 2765 inire.
493 2725 662 2776 prmnnrntimle.
682 2725 711 2769 Lo
726 2726 782 2770 dolii
797 2740 864 2782 spon-

91 2793 151 2835 Ainsi
170 2787 236 2832 testis
258 2785 367 2841 locuples,
386 2798 416 2827 un
433 2784 465 2826 to-
492 2785 628 2828 sionisernit
640 2788 870 2844 conformeli'nsogo

92 2855 152 2905 min
162 2849 256 2900 vetante,
270 2849 309 2904 qui
322 2861 334 2890 n
349 2854 420 2890 tontes
432 2847 465 2890 ies
492 2849 611 2896 ordinaire.
