1904 3216
124 217 173 269 soo
431 221 592 272 ouluouas
656 276 658 283 ,

126 335 199 384 colui.
213 336 265 386 lion
280 336 402 386 Romanos
417 336 503 392 habeo,
520 337 551 385 ad
563 350 625 397 quos
639 335 788 399 confugiam.
801 338 898 390 Perisse

126 411 254 466 expetunt,
264 406 323 470 quia
336 406 386 455 tuis
396 404 497 468 injuriis
507 406 586 461 doleo,
599 407 657 468 quia
671 406 715 454 tibi
725 408 852 470 ademptas
860 415 898 459 tot

124 477 209 533 urbes,
223 482 260 525 tot
278 482 371 536 gentes,
392 476 462 526 modo
480 476 589 525 Thraciae
603 476 755 525 maritimam
768 490 846 536 oram,
859 479 898 528 in-

126 545 225 606 dignor.
248 545 298 595 llec
318 560 367 602 me,
388 551 474 595 necte
494 547 622 604 incolumi,
640 546 805 596 llscedoniam
825 561 898 596 suam

126 617 236 667 futuram
251 623 360 680 sperant.
376 617 400 668 Si
416 631 457 666 me
473 619 554 667 scelus
571 617 665 674 fratris,
678 623 703 666 te
715 624 837 676 senectus,
853 619 898 669 ab·

122 686 269 749 sumpserit,
284 693 328 737 aut
344 700 374 736 ne
391 700 419 736 ea
435 687 537 748 quidem
557 693 692 750 exspectata
708 687 795 746 fuerit,
811 701 897 751 regem

126 769 281 819 regnumque
299 757 444 807 Macedoniae
462 771 506 806 sua
527 759 612 806 lutura
626 757 716 807 sciunt.
735 757 760 806 Si
780 757 842 820 quid
854 772 898 808 ex-

125 833 164 874 tro
177 827 341 877 llaoedoniam
355 827 402 877 tibi
421 827 524 876 Romani
536 826 705 889 reliquissent,
722 827 784 877 mibi
797 835 897 892 quoque

125 897 150 945 id
163 898 283 948 relictum
298 899 426 948 crederem
442 897 637 960 receptaculum.
652 924 684 934 -
697 899 727 946 at
742 897 767 946 in
786 898 898 949 llacedo÷

124 968 199 1017 nibus
214 968 276 1019 satis
285 968 397 1030 praesidii
408 973 455 1018 est.
465 995 497 1005 -
506 967 590 1017 vidisti
600 968 717 1017 hesterno
727 967 767 1017 die
776 969 896 1031 impetum

124 1038 153 1087 in
163 1052 204 1088 me
215 1039 333 1089 militum.
346 1039 410 1096 Quid
421 1039 471 1088 illis
480 1038 568 1097 detuit,
582 1039 632 1089 uisi
642 1038 755 1088 serrum?
767 1037 835 1094 Quod
844 1041 896 1092 illis

124 1109 205 1160 detuit
216 1110 335 1168 interdiu,
347 1110 456 1160 convivae
466 1109 552 1159 fratris
562 1118 637 1160 noctu
649 1121 820 1172 sumpserunt.
831 1111 895 1166 Quid

124 1179 156 1229 de
168 1195 259 1244 magna
269 1189 339 1244 parte
347 1181 487 1244 principum
499 1181 595 1243 loquar,
607 1182 650 1243 qui
662 1182 687 1228 iu
700 1181 816 1231 Romanis
825 1194 896 1245 spem

123 1266 223 1303 omnem
242 1253 373 1323 diguitatis
391 1259 417 1302 et
434 1253 539 1302 tortunae
557 1260 704 1314 posueruut,
716 1258 740 1300 et
757 1253 783 1300 iu
798 1265 836 1309 eo,
851 1255 895 1316 qui

122 1324 205 1373 omnia
229 1325 294 1387 apud
318 1323 438 1373 Romanos
455 1321 552 1386 potest?
574 1325 665 1385 Neque,
684 1324 795 1378 hercule,
817 1323 894 1374 istum

123 1394 187 1442 mihi
199 1400 306 1450 tantum,
318 1393 392 1442 tratri
400 1392 499 1454 majori,
508 1392 552 1440 sed
563 1406 640 1455 prope
649 1398 688 1442 est
700 1398 729 1441 ut
737 1392 783 1440 tibi
793 1406 895 1456 quoque

123 1462 181 1524 ipsi,
194 1465 247 1524 regi
256 1470 281 1512 et
289 1463 364 1527 patri,
374 1462 515 1526 praeieraut.
524 1463 573 1510 lste
583 1463 650 1511 enim
660 1468 706 1519 est,
720 1463 792 1523 cujus
800 1463 895 1513 benefi-

123 1533 162 1582 cio
175 1546 274 1597 poeusm
290 1533 336 1582 tibi
353 1540 453 1582 senatus
467 1532 574 1589 remisit,
592 1533 635 1594 qui
652 1546 719 1581 nunc
733 1538 757 1581 te
770 1533 802 1581 ab
816 1534 894 1583 armis

122 1601 236 1650 Romanis
247 1602 363 1664 protegit,
375 1602 418 1664 qui
428 1608 498 1651 tuam
510 1607 662 1651 senectutem
671 1601 804 1663 obligatam
813 1610 838 1650 et
850 1605 894 1654 ob-

121 1673 219 1721 noxiam
232 1674 403 1722 adolescentiae
418 1685 470 1722 suae
484 1685 538 1721 esse
549 1686 648 1734 aequum
660 1679 751 1722 censet.
776 1673 825 1722 Pro
842 1674 892 1725 isto

122 1742 225 1791 Romani
238 1750 313 1800 stant,
330 1757 376 1806 pro
391 1744 437 1792 isto
458 1755 543 1791 omues
564 1744 638 1792 urbes
651 1748 696 1792 tuo
712 1743 817 1805 imperio
830 1743 894 1794 libe·

122 1819 190 1870 ratae,
207 1827 252 1874 pro
273 1815 321 1863 isto
335 1814 483 1868 llacedones,
503 1813 546 1873 qui
569 1826 630 1874 pace
647 1813 756 1862 Romana
772 1815 892 1876 gaudent.

122 1884 178 1932 llihi
191 1891 284 1946 praeter
292 1893 325 1946 te,
337 1890 416 1946 puter,
429 1883 489 1946 quid
498 1896 603 1945 usquam
609 1889 652 1932 aut
661 1883 715 1945 spei
726 1890 768 1933 aut
779 1886 891 1946 praesidii

121 1954 177 2000 est‘l

152 2021 203 2077 Quo
214 2030 325 2086 spectare
335 2022 390 2071 illas
401 2022 486 2071 literas
497 2022 528 2072 ad
536 2027 561 2071 te
571 2036 637 2072 nunc
647 2022 735 2072 missas
745 2023 771 2073 Τ.
784 2025 892 2081 Quinctii

120 2093 209 2149 credis,
224 2094 314 2156 quibus
336 2100 360 2142 et
379 2095 443 2143 bene
461 2098 487 2142 te
507 2092 661 2143 consuluisse
681 2095 756 2144 rebus
773 2095 825 2145 tuis
846 2098 891 2154 ait,

120 2163 186 2225 quod
197 2164 349 2214 ltemetrium
358 2165 458 2213 Romam
468 2163 576 2219 miseris,
586 2170 611 2211 et
623 2165 738 2213 hortatur
747 2170 775 2214 ut
788 2165 890 2224 iterum,

120 2241 144 2281 et
158 2247 216 2282 cum
233 2235 347 2295 pluribus
363 2236 450 2294 legatis
467 2240 492 2285 et
507 2233 660 2294 primoribus
675 2234 832 2284 blacedouum
847 2250 892 2286 re-

120 2303 203 2354 mittas
213 2304 320 2354 eumll.
333 2304 463 2361 Quinctius
471 2317 539 2353 nunc
549 2312 585 2352 est
594 2313 680 2354 auctor
687 2304 799 2354 omnium
805 2320 892 2356 rerum

120 2374 194 2423 istiet
202 2376 330 2436 magister.
338 2373 690 2437 Eumsibiteabdicatopetre,
697 2377 811 2425 inlocum
818 2383 891 2427 tuum

119 2444 255 2494 substituit.
265 2444 320 2494 lllic
331 2445 364 2507 (l)
379 2452 435 2493 unte
448 2444 530 2493 omnia
544 2445 694 2494 claudestina
706 2455 822 2496 concocta
831 2455 892 2497 sunt

119 2515 228 2564 consilia.
240 2515 391 2570 Queruntur
402 2516 528 2577 adjutores
538 2515 659 2572 consiliis,
670 2530 747 2577 quum
757 2524 781 2567 te
794 2520 889 2580 plures,

120 2657 173 2698 atis
192 2658 289 2711 periculo
316 2664 381 2712 atque
403 2656 490 2700 insidiis
516 2648 622 2707 vulsco.
642 2657 655 2700 5
675 2673 680 2700 :
706 2656 828 2713 Principes
853 2671 891 2702 oc·

119 2735 129 2753 ι
145 2719 214 2760 luit.»
232 2720 288 2763 -l.
308 2720 395 2769 ulma
413 2720 488 2770 Rome,
517 2720 578 2761 culte
604 2719 733 2764 Romanum
760 2721 890 2774 coquebant

119 2779 170 2822 cbez
178 2781 297 2829 Quinctius.
307 2781 427 2833 concocta,
434 2794 489 2836 pour
516 2780 608 2823 bellum.
619 2780 649 2823 On
661 2788 738 2823 trouve
756 2783 816 2824 aussi
834 2783 890 2827 dans

116 2842 265 2894 semicirculo,
274 2843 407 2898 abutroque
415 2846 487 2886 cocta.
515 2843 605 2885 Cicirou
624 2856 629 2885 :
654 2842 718 2886 Orat.
740 2855 785 2899 pro
808 2845 889 2890 Roscio

114 2901 246 2947 Tite-birca
265 2904 364 2962 employe
378 2904 487 2961 plusieurs
515 2903 622 2953 comoedo,
636 2905 671 2946 ch.
689 2905 714 2948 15
733 2917 739 2946 :
765 2904 816 2947 Tibi
832 2917 888 2950 vero

101 2962 146 3006 tois
155 2977 260 3023 coquere
270 2980 298 3012 au
307 2968 395 3026 figure,
407 2979 448 3026 par
458 2981 491 3012 eu.
521 2968 563 3012 diu
573 2967 751 3012 deliberoudum
763 2971 785 3009 et
794 2980 890 3023 suques-
