1904 3216
238 241 277 290 Ex
292 237 385 290 rtclrl
401 236 548 289 rublum!
563 236 650 288 molto
671 237 710 289 ll.
813 237 861 288 llo

89 360 129 394 tum
137 357 155 393 le
170 355 214 401 atis,
224 358 291 393 oraret
300 359 322 394 ot
332 354 413 407 exemplo
422 356 471 393 Asia
480 354 574 393 deturbem
581 354 656 394 tiberio
662 354 744 392 etttula
752 355 860 398 exstrueret,

89 367 278 446 Gaesargbujusmodi
288 400 396 439 orationem
406 399 478 437 bebere
488 399 560 448 coepit.

115 547 194 589 'libere
203 561 215 589 a
225 546 277 588 oe'dd
285 559 327 589 aur
340 559 404 589 roeux
414 545 441 588 de
451 545 515 588 l'llsie
526 558 554 587 en
571 551 683 600 receptant
692 557 723 586 un
736 545 818 600 temple
827 559 833 588 ε
843 546 859 588 il

89 620 112 650 se
127 608 278 651 conformaitd
288 607 403 663 l'eremple
417 607 534 661 d'duguste
543 620 550 657 ;
559 606 614 649 maie
626 618 651 649 co
665 606 733 649 serait
742 607 829 650 ruvuler
837 607 858 650 la

89 668 160 723 gloire
168 670 196 713 de
207 681 233 712 ce
246 669 329 724 priuce,
338 680 381 724 que
392 667 419 710 de
429 679 453 710 se
462 667 519 710 faire
529 666 609 709 rendre
619 666 652 709 les
665 665 778 709 honneur-s
787 667 859 710 dirius

88 730 143 773 dans
155 730 177 774 le
186 730 265 774 monde
278 731 357 773 entier.
370 751 396 760 —
407 727 486 771 'libere
502 733 536 770 est
544 727 633 770 homme
642 734 665 771 et
679 728 770 771 mortel:
780 727 801 770 la
811 741 860 784 pos-

90 791 155 836 terite
164 791 186 837 le
191 792 271 847 jugera
280 803 320 846 par·
329 803 364 833 ses
373 794 446 841 actes;
459 788 595 845 destemplee
604 793 717 832 menterno
726 800 755 831 ne
762 790 860 833 sereient

88 864 132 908 quc
142 852 182 896 dee
195 852 312 896 tombeuux
321 850 416 894 dieresi
425 863 449 893 sa
459 850 529 905 gleire
537 863 544 902 ς
552 850 569 892 il
578 861 606 893 ne
617 849 724 893 demando
738 861 780 893 eux
792 849 858 894 (lieux

87 914 160 968 quola
175 916 240 969 graec
249 914 277 957 de
285 913 339 956 bien
348 912 418 955 vivre.

117 1061 183 1119 Scio,
192 1063 426 1126 Patresllonscripti,
435 1062 599 1113 constantiam
611 1077 693 1113 meam
704 1077 720 1114 a
733 1064 859 1128 plerisque

86 1133 260 1193 desideratam,
268 1136 335 1197 quod
342 1135 403 1184 lisiae
410 1134 561 1190 civitatibus,
569 1147 650 1196 nuper
656 1133 724 1184 idem
737 1135 805 1186 istud
817 1147 849 1198 pe

86 1201 207 1259 tentibus,
215 1216 328 1253 norsum
336 1204 479 1253 aduersatus
490 1218 496 1251 :
510 1209 601 1264 ergoet
608 1203 701 1266 prioris
710 1203 805 1254 silentii
815 1205 855 1254 de-

86 1272 234 1329 fensionem,
246 1274 372 1336 etquidiu
382 1274 494 1322 tutorum
503 1272 643 1330 statuerim,
653 1273 727 1323 simul
735 1274 856 1336 aperiam.

88 1342 168 1399 Quum
174 1343 426 1404 diuusdugustussibi
434 1349 508 1404 atque
516 1343 786 1406 urbiRontuetemplnm
793 1345 856 1406 apud

87 1412 235 1475 Pergamum
249 1413 303 1462 sisti
317 1427 366 1462 uon
380 1413 556 1476 prohibuisset,
565 1413 609 1475 qui
617 1414 702 1464 omnia
709 1416 772 1464 lactu
779 1414 858 1465 dictu-

86 1494 135 1543 que
149 1481 275 1544 ejus,rice
287 1482 359 1544 legis,
374 1483 510 1541 observem,
519 1482 641 1545 placitum
652 1482 703 1545 jam
717 1485 857 1548 exemplum

86 1552 226 1615 promptius
239 1558 338 1602 secutus
354 1566 417 1608 sum,
431 1552 489 1614 quia
503 1552 565 1601 culti
580 1567 635 1602 meo
651 1554 778 1604 veneratio
789 1568 853 1604 senu-

85 1629 126 1671 tus
139 1623 328 1685 adjungebatur.
352 1623 466 1671 Ceterum
479 1628 507 1671 ut
523 1623 600 1672 semel
616 1623 741 1685 recepisse
760 1624 857 1673 renium

85 1693 212 1751 habuerit,
230 1693 265 1743 ita
276 1707 322 1756 per
334 1705 420 1742 omnes
433 1692 572 1754 provincias
580 1693 665 1754 effigie
681 1695 856 1743 numinnmsa·

85 1763 550 1825 crari,a1ubiti0tum,superbum;er
567 1769 679 1813 vanescet
696 1764 798 1827 Augusti
814 1765 856 1814 ho

86 1847 141 1891 nor,
154 1833 176 1883 si
187 1834 335 1897 promiscuis
349 1833 533 1883 adulationibus
544 1835 669 1896 vulgatur.

117 1904 223 1965 Egome,
237 1905 320 1953 Patres
334 1903 482 1966 Conscripti‚
490 1905 620 1954 mortalem
628 1918 683 1953 esse
690 1909 716 1952 et
727 1902 856 1953 homiuum

87 1974 171 2024 officia
184 1975 265 2036 fungi,
283 1973 392 2036 salisque
411 1973 503 2022 habere
522 1974 543 2023 si
562 1975 644 2024 locum
658 1973 797 2037 principem
810 1974 854 2023 im·

85 2045 176 2108 pleam,
192 2050 217 2094 et
233 2057 275 2092 vos
290 2049 377 2099 testor,
392 2048 416 2091 et
428 2043 571 2092 meminisse
585 2052 699 2106 posteros
715 2044 771 2092 volo
787 2060 793 2090 :
813 2056 855 2105 qur

86 2117 148 2166 satis
160 2127 282 2178 superque
295 2113 422 2163 memorie
435 2128 499 2164 meae
506 2114 626 2173 tribuent,
636 2120 664 2163 ut
678 2114 711 2176 (l)
720 2112 857 2174 majoribus

87 2187 150 2237 rneis
164 2185 276 2246 dignum,
296 2198 383 2234 rerum
395 2191 536 2234 vestrarum
550 2185 688 2246 providum,
703 2189 855 2232 constantem

88 2258 114 2307 in
120 2256 248 2319 periculis,
256 2255 424 2305 offensionum
430 2269 476 2318 pro
491 2255 600 2304 utilitate
611 2256 710 2318 publica
724 2267 775 2303 non
789 2255 855 2316 pavi-

87 2331 146 2378 dum
153 2328 262 2378 credant.
271 2326 326 2377 llaec
333 2326 396 2376 mibi
404 2326 431 2374 iu
437 2325 528 2375 animis
534 2326 626 2375 restris
632 2326 733 2389 templa,
748 2326 787 2374 bae
801 2325 855 2388 pul·

86 2398 218 2449 uberrimae
230 2397 326 2457 efligies
340 2405 363 2446 et
377 2411 516 2446 mansurae:
532 2411 592 2445 narn
606 2410 662 2459 quae
683 2409 742 2445 saxo
753 2401 856 2444 struun-

86 2478 140 2526 tur,
155 2468 176 2518 si
187 2467 307 2531 judicium
317 2472 473 2529 posterorum
487 2466 514 2515 iu
526 2467 612 2516 odium
623 2465 705 2522 vertit,
714 2478 761 2527 pro
772 2464 857 2527 sepul-

86 2539 137 2587 cris
150 2543 305 2600 spernuutur
318 2536 363 2599 (i).
378 2537 485 2586 Proinde
497 2537 585 2593 socios,
601 2536 668 2585 cives
681 2541 705 2584 et
721 2535 781 2583 deos
790 2534 856 2595 ipsos

86 2622 174 2672 precor
190 2625 195 2655 :
213 2609 268 2665 hos,
281 2613 309 2656 ut
323 2606 387 2655 mihi
400 2607 432 2656 ad
448 2607 522 2656 linem
539 2620 619 2669 usque
630 2605 685 2655 vitoe
702 2604 812 2668 quietam
831 2610 855 2652 et

86 2678 267 2742 intelligentem
279 2675 383 2726 humaui
396 2676 525 2740 divinique
533 2678 600 2739 iuris
612 2682 721 2726 mentem
735 2675 808 2726 dent:
824 2673 856 2722 il-

113 2835 176 2880 till.
201 2836 223 2879 l.
253 2834 376 2887 tribuent,
403 2837 455 2878 ot...
483 2835 537 2877 -2,
550 2836 595 2880 Pro
612 2834 725 2891 sepulcro
742 2845 855 2891 spernam

86 2898 149 2942 e'est·
150 2896 174 2939 d·
176 2895 231 2946 dire,
243 2895 390 2944 tribuentro,
402 2899 455 2940 ot...
484 2897 871 2970 taupourspmumuetuuqu

85 2957 462 3018 outribumtlidtribuerrdolot...
491 2960 622 3019 sepulcro
628 2945 891 3001 commentitum&
