1904 3216
145 201 192 251 ont
448 197 611 250 untltonns

145 314 287 364 sociabilem
303 313 485 364 consortionem
504 312 570 361 inter
582 310 654 362 binos
672 310 915 366 lacedemoniorum

144 399 216 447 reges
233 385 275 449 (5),
292 385 427 434 salutarem
442 397 486 446 per
500 385 578 432 multa
592 384 683 434 saecula
692 383 753 446 ipsis
762 388 915 448 patriaeque:

144 457 248 506 eandem
264 455 400 512 civitatem,
414 460 547 517 postquam
564 466 619 502 mos
632 454 680 502 sibi
694 454 785 516 cuique
801 454 916 519 rapiendi

144 527 300 589 tyrannidem
314 534 414 576 exortus
428 525 470 581 sit,
483 538 603 575 eversam.
617 524 670 589 lam
680 525 724 574 bos
738 525 769 589 (l)
782 527 917 577 Eumenem

144 600 303 661 Attalumque
313 597 418 653 iratres,¹
429 611 443 646 a
457 609 532 658 qnam
543 594 642 656 exiguis
652 597 736 655 rebus,
745 610 821 661 prope
833 605 859 646 ut
869 611 917 660 pu-

143 668 214 717 deret
226 668 291 730 regii
306 666 425 724 nominis,
439 665 511 721 mibi,
528 665 655 723 Antiocho,
673 671 698 714 et
711 665 813 715 cuilibet
826 680 916 728 regum
934 681 936 686 ·

62 758 64 763 ·
144 736 219 798 bujus
226 737 315 794 aetatis,
326 736 398 784 nulla
408 749 436 783 re
444 734 525 796 magis
535 747 609 795 quam
621 735 731 783 fraterna
742 734 915 792 unanimitate,

142 819 250 868 regnum
261 819 383 869 aequasse.
390 806 422 853 lle
434 802 550 853 Romanis
560 804 786 865 quidemexemplis
794 805 914 862 abstinui,

144 887 201 934 quac
210 876 320 933 autvisa,
331 881 375 925 aut
382 874 465 924 audita
475 874 598 923 habebam
608 888 614 921 :
625 873 649 922 Τ.
660 880 685 922 et
694 872 718 922 b.
730 874 914 930 Quinctiorum,

141 945 186 1008 qui
198 945 291 994 bellum
305 959 403 995 mecum
422 950 563 1008 gesserunt,
579 944 605 993 Ρ.
624 949 648 992 et
663 944 688 992 b.
701 943 852 1007 Scipionum,
869 945 915 1008 qui

143 1017 290 1066 antiochum
300 1016 455 1074 devicerunt;
467 1014 546 1076 patris
555 1014 687 1078 patruique
698 1029 795 1073 eorum,
805 1029 915 1079 qnorum

142 1093 286 1150 perpetuam
298 1087 355 1138 vitae
376 1087 534 1138 concordiam
547 1099 616 1136 mors
637 1100 737 1150 quoque
755 1087 854 1138 miscuit
869 1088 914 1151 (5).

142 1159 224 1222 lleque
230 1159 380 1208 vosillorum
385 1159 473 1215 scelus,
481 1157 617 1218 similisque
622 1157 711 1207 sceleri
716 1158 916 1218 eventusdeter-

140 1242 199 1278 rere
208 1229 454 1280 avecordidiscordia
465 1227 557 1290 potuit;
568 1241 650 1290 neque
659 1229 750 1277 borum
757 1229 821 1278 bona
831 1242 912 1286 mens,

141 1300 321 1358 bonafortuna,
337 1301 368 1349 ad
379 1300 511 1350 sanitatem
523 1298 631 1348 flectere.
645 1297 700 1347 Vivo
714 1306 739 1346 et
746 1299 857 1361 spirante
863 1313 913 1357 me,

141 1370 305 1419 hereditatem
328 1384 409 1419 meam
420 1370 492 1418 ambo
506 1375 531 1418 et
544 1382 588 1431 spe
606 1375 630 1432 ct
646 1368 780 1431 cupiditate
799 1370 914 1432 improba

142 1439 251 1488 crevistis
264 1441 305 1504 (d).
320 1441 353 1489 llo
364 1453 445 1503 usque
455 1452 496 1488 me
507 1438 589 1488 vivere
601 1439 685 1496 vultis,
707 1440 792 1495 donec,
808 1440 914 1490 alterius

142 1510 251 1558 vestrum
265 1513 397 1571 superstes,
408 1509 476 1558 haud
490 1508 634 1569 ambiguum
643 1519 729 1570 regem
739 1509 846 1557 alterum
858 1523 914 1560 mea

144 1587 224 1627 morte
232 1579 329 1629 faciam.
336 1580 384 1630 llec
389 1581 502 1636 tratrem,
509 1582 557 1628 nec'
562 1578 657 1641 patrem
663 1577 765 1639 potestis
773 1578 837 1640 pati:
848 1580 914 1630 nihil

139 1649 200 1705 cari,
209 1649 274 1698 nihil
284 1650 363 1700 sancti
373 1656 410 1701 est
423 1665 429 1699 :
441 1649 588 1699 inomnium
598 1648 676 1696 vicem
684 1648 914 1709 regniuniusinsa-

141 1719 235 1769 tiabilis
250 1734 321 1769 amor
333 1720 460 1770 successit.

171 1792 250 1851 Agite,
258 1792 423 1840 conscelerate
430 1804 502 1839 aures
514 1793 629 1852 paternas
642 1802 648 1835 :
661 1789 784 1838 decernite
795 1790 913 1840 crimini-

141 1860 187 1909 bus
196 1861 238 1923 (l),
249 1874 306 1910 mox
315 1862 384 1910 ferro
395 1860 521 1910 decreturi
530 1875 536 1907 ε
545 1858 620 1907 dicite
633 1859 723 1919 palam,
734 1860 860 1922 quidquid
868 1868 912 1911 aut

141 1932 192 1980 veri
202 1932 310 1994 potestis,
322 1936 365 1980 aut
374 1930 529 1980 comminisci
543 1930 610 1978 libet.
624 1929 746 1978 Reserutae
757 1944 831 1980 aures
842 1938 909 1991 sunt,

140 2014 196 2062 quae
206 2002 308 2062 posthac
322 2002 423 2050 secretis
433 2000 534 2050 alterins
544 1998 575 2047 ab
586 1998 665 2046 altero
679 1998 830 2049 criminibus
840 2000 911 2050 clau·

140 2072 239 2121 deutur.

48 2223 50 2226 -
140 2194 214 2244 Faber,
231 2206 322 2246 earum,
336 2195 391 2237 rand
407 2193 509 2248 l'erpres·
538 2191 597 2234 Mors
607 2203 697 2247 quoque
705 2192 816 2236 miscuit:
825 2206 850 2236 ce
860 2201 910 2238 sont

139 2257 186 2298 sion
197 2256 247 2310 plus
264 2256 380 2300 naturelle.
399 2257 420 2301 5.
439 2255 509 2299 Binos
538 2257 569 2300 les
586 2257 642 2300 deux
658 2257 763 2313 Scipione,
781 2259 872 2303 Publius
886 2267 909 2305 et

139 2316 364 2360 lacedemoniorum
379 2329 451 2373 reyes,
473 2317 511 2359 de·
537 2320 623 2371 Cutius,
633 2327 738 2364 mortseu
747 2322 845 2378 Espagne
856 2323 908 2379 (l'an

138 2380 188 2433 puis
198 2379 274 2422 lasfils
284 2379 446 2430 d’rlristodbme,
457 2378 508 2422 Pro·
535 2381 575 2424 212
590 2394 623 2425 av.
638 2382 700 2436 lec.)
713 2383 767 2427 dans
786 2384 807 2427 la
825 2396 907 2438 guerre

138 2440 509 2497 cldsetEurystbcne.dontlesdes·
535 2448 610 2485 contre
619 2443 746 2489 Hasdrubal.
762 2470 790 2478 -
805 2447 826 2491 6.
837 2448 909 2493 Here·

137 2502 241 2544 cendonts
262 2500 381 2556 regnerent
398 2501 508 2544 ensemble
537 2501 635 2545 dilatem
659 2517 763 2558 cernere,
784 2512 855 2551 terma
881 2510 909 2553 de

137 2575 232 2618 presque
243 2563 342 2618 toujours
350 2575 377 2606 en
387 2562 466 2618 parfait
473 2575 508 2606 oc-
535 2563 599 2613 droit,
606 2566 908 2620 pourbereditutemodirc,·

137 2625 198 2667 cord.
220 2648 247 2656 -
266 2625 288 2667 d.
313 2624 364 2676 llos,
384 2637 428 2681 que
453 2636 507 2667 vous
535 2639 563 2669 au
578 2638 657 2682 propre
673 2628 737 2671 c'est:
751 2628 906 2675 deliberers'il

137 2685 508 2741 voyomoscontamporaius.L'ac-
535 2688 590 2738 faut,
598 2700 627 2731 ou
636 2700 687 2740 non,
698 2696 797 2743 accepter
807 2704 838 2732 un
848 2691 907 2734 heri-

137 2746 190 2788 cord
216 2747 320 2791 fraternel
345 2749 462 2792 d'llumcne
485 2756 507 2793 ct
534 2755 590 2804 tage.
609 2773 636 2782 -
655 2750 674 2791 l.
694 2750 843 2803 Criminibus,
867 2754 903 2804 ici,

137 2809 234 2860 d'Attale,
243 2812 289 2853 rois
305 2811 331 2854 de
342 2810 454 2866 Pergama,
472 2818 506 2855 est
533 2825 618 2855 comme
628 2819 718 2855 souvent
729 2813 829 2868 ailleurs,
848 2827 905 2871 pour

137 2880 271 2912 assezconnn
280 2871 441 2925 porl'histoire.
450 2873 503 2915 -5,
533 2873 745 2918 criminationibus.
