1904 3216
286 224 323 272 bx
339 222 407 272 Lllil
424 218 508 271 tltttto
523 215 624 271 mlx.
796 205 842 254 toll

71 352 129 392 men
144 352 194 390 non
207 337 301 387 modos
312 338 390 393 robis,
400 335 512 392 Romani,
528 334 572 385 sed
579 331 683 394 neapud
691 343 734 380 vos
742 326 774 392 (2)
787 322 843 391 qut·

70 412 126 463 dem
141 410 213 459 nobis
222 408 389 472 objiciendum
404 407 480 456 luisse
488 406 606 456 arbitror.
616 401 679 462 Quid
688 400 740 453 ital
749 400 846 464 qttiaim

70 489 152 534 vostro
161 482 255 530 ioedere
267 487 330 538 erat,
339 486 368 528 ut
375 478 508 527 maritimis
519 479 625 527 urbibus
636 476 788 526 abstinerent
799 475 848 525 bo·-

69 552 223 604 cedremonii.
243 550 295 607 Quo
307 556 419 611 tempore
434 547 511 598 armis
525 547 604 610 captis
618 550 703 607 urbes,
723 547 849 611 aquibus.

69 624 194 675 obstinere
203 624 269 687 jussi
280 627 360 678 erant,
373 626 495 671 nocturno
507 620 601 683 impetu
614 628 805 685 occupaverunt,
820 619 849 671 si:

68 693 93 743 l.
108 692 247 751 Quinctius,
258 693 279 742 si
289 692 413 742 exercitus
425 692 560 752 Romanus·
567 691 633 741 sicut
643 698 724 750 sulec,
733 690 761 741 in
774 690 843 744 Pelo·

68 778 177 828 ponneso
189 765 288 821 suisset,
298 777 327 813 eo
338 763 370 827 (5)
382 761 503 811 nimirum
515 762 581 824 copti
592 768 618 811 et
630 764 742 827 oppressi
751 765 841 816 conlin-

67 834 169 897 gissent.
183 833 262 890 Quum
275 847 317 882 tos
331 833 418 893 procul
432 833 531 890 essetis,
544 847 594 895 quo
605 834 662 889 olio.
678 834 728 885 nisi
741 834 772 884 od
782 848 838 896 nos,

67 906 148 957 socios
157 912 261 963 cestros,
270 919 333 968 quos
346 903 512 965 antealiythio
523 903 556 967 (1)
568 918 640 967 opem
648 906 764 967 ferentes,
777 921 849 973 quos·

66 976 263 1027 hoedoemonem
276 976 404 1026 vobiscum
415 975 493 1024 simili
506 975 615 1025 decouso
627 980 839 1039 oppugnantesvi·

65 1048 165 1106 (luunt,
179 1047 359 1109 confugerent‘l
372 1047 420 1095 Pro
436 1044 506 1094 robis
517 1045 597 1108 igitur
608 1047 704 1109 justum
716 1049 846 1113 piumque·

64 1119 159 1171 bellum
172 1119 336 1181 suscepimus.
351 1116 419 1173 Quod
430 1130 509 1179 quum
521 1116 565 1166 alii
576 1117 687 1177 laudent,
700 1122 845 1182 repreben-

64 1189 124 1240 dens
137 1202 170 1239 ne
184 1189 360 1240 bsoedeemonii
377 1188 479 1251 quidem
492 1189 601 1251 possint,
618 1190 653 1240 dii
672 1205 771 1254 quoque
786 1190 840 1256 ipsi

63 1261 288 1324 comprobaverint,
297 1260 341 1322 qui
355 1258 565 1309 nobisvictoriom
575 1259 713 1317 dederunt;
727 1272 842 1324 quonam

63 1331 137 1380 modo
145 1344 184 1390 eo,
199 1345 256 1394 quae
268 1330 329 1380 belli
340 1330 398 1393 June
410 1334 538 1386 octasnnt,
546 1329 574 1379 in
579 1329 782 1392 disceptationem
792 1345 835 1382 ve-
916 1344 920 1349 ·

72 1400 272 1466 ninnt‘lquorum
280 1409 362 1451 tomen
372 1399 480 1449 maximo
486 1414 544 1463 pors
551 1399 616 1449 nibil
621 1400 732 1465 pertinet
738 1401 769 1451 etl
777 1414 832 1453 nos.

63 1470 179 1522 ll'ostrum
188 1478 235 1530 est,
247 1471 314 1535 quod
326 1472 481 1520 evocavimus
492 1485 534 1521 eos
545 1471 680 1521 ndcnussm
692 1471 831 1531 dicendam,

62 1543 106 1606 qui
113 1544 220 1594 ndsrmo
228 1544 414 1593 multitudinem
424 1541 571 1599 exciverunt,
581 1542 623 1605 qui
633 1551 834 1605 expugnaverant

61 1614 188 1664 maritimo
198 1615 298 1679 oppido,
311 1615 353 1677 qui
366 1613 529 1678 diripuerunt,
542 1613 683 1676 quicaedem
690 1615 832 1681 principum

59 1682 179 1733 fecerent.
198 1684 267 1741 Quod
281 1696 339 1732 vero
355 1683 401 1741 illi,
417 1682 544 1731 venientes
556 1682 583 1730 iu
595 1688 688 1741 castro,
706 1683 829 1735 interlecti

58 1758 125 1813 sunt,
137 1761 249 1805 vestrum
260 1761 308 1812 est,
316 1756 380 1803 ll1eu
391 1761 415 1804 et
424 1753 550 1803 Alcibiade
559 1753 600 1816 (5),
609 1754 653 1817 qui
665 1769 730 1805 nunc
741 1769 795 1814 nos,
807 1755 828 1805 si

58 1823 108 1875 (liis
113 1825 203 1888 placet.
216 1825 404 1882 accusatisnon
411 1830 535 1874 nostrum.
546 1825 633 1874 Exules
640 1824 831 1875 booedaemonio

57 1909 116 1945 rum
129 1898 188 1959 (quo
202 1896 342 1945 innumero
356 1896 383 1944 bi
397 1893 667 1958 quoqueduoiuernnt)
682 1901 830 1945 ettuncno-

56 1964 153 2014 hiscum
164 1971 244 2024 erent,
256 1970 289 2024 et,
304 1965 371 2028 quod
380 1963 535 2014 domicilium
542 1964 592 2014 sibi
600 1963 742 2025 delegerant
748 1965 829 2013 mori-

55 2033 116 2083 tima
128 2035 225 2098 oppidu,
235 2049 262 2085 se
276 2036 366 2099 petitos
378 2036 515 2093 credentes,
529 2034 555 2083 in
570 2048 621 2091 eos,
632 2048 739 2097 quorum
752 2048 827 2097 opera

54 2107 138 2169 petria
146 2112 257 2157 extorres
269 2122 300 2157 ne
319 2108 411 2156 intuto
426 2105 528 2169 quidem
537 2105 612 2155 exilio
623 2119 694 2169 posse
708 2120 826 2156 consene-

53 2214 116 2258 stlle.
126 2236 154 2246 -
168 2213 190 2258 2.
206 2213 274 2270 Apud
284 2225 330 2266 uos,
347 2214 425 2257 devnnt
452 2213 509 2263 nior,
519 2212 621 2255 romenos
632 2212 685 2255 dans
694 2212 745 2255 lour
753 2214 824 2270 patrie

53 2287 115 2320 vous-
129 2275 188 2320 Nous
202 2288 269 2319 noos
283 2277 332 2330 diii
348 2290 378 2320 vu
391 2282 425 2320 cel
452 2295 491 2338 por
500 2283 532 2326 les
546 2283 649 2334 brheens,
664 2284 716 2327 chez
729 2283 825 2339 lesquels

53 2337 134 2394 emploi
150 2338 244 2394 d'opud.
262 2361 289 2370 —
305 2339 324 2383 3.
336 2339 376 2389 Eo,
387 2340 425 2382 od·
452 2344 480 2386 ils
489 2344 575 2386 avolent
584 2343 618 2387 eto
634 2343 753 2387 sccuoillis.
767 2345 824 2389 llsns

53 2399 180 2456 vorbepotu·
187 2399 276 2443 adeum
283 2400 423 2456 (Quinctium
451 2405 533 2448 losuite
542 2405 570 2448 ils
580 2413 669 2448 crutent
683 2406 760 2449 devoir
767 2408 824 2463 s'op-

52 2464 76 2506 et
94 2462 221 2506 mestrem
240 2462 423 2514 nomenant-
450 2479 515 2523 poser
532 2480 572 2509 nux
597 2466 762 2522 ompictements
783 2469 822 2513 (les

52 2519 200 2580 Metilium.
211 2524 310 2568 villosus·
326 2524 346 2568 le
365 2525 423 2579 golfe
449 2529 555 2580 Achicns,
565 2535 594 2581 et,
612 2541 668 2585 pour
683 2530 730 2572 s'en
746 2531 822 2575 delen-

50 2585 78 2629 tls
87 2586 187 2637 boconis,
198 2593 221 2629 et
229 2586 281 2629 ‹lont
297 2587 330 2630 los
345 2587 420 2630 ruines
448 2591 495 2641 dre,
510 2590 536 2633 ils
549 2598 695 2634 recourureot
711 2605 739 2636 su
756 2593 818 2637 senat

50 2652 139 2704 portem
147 2648 289 2703 tujourd’hui
299 2648 320 2691 le
333 2661 384 2692 nom
393 2650 420 2692 ‹le
448 2656 541 2698 romain.
552 2655 591 2698 bes
608 2656 703 2698 lebbeus
722 2669 751 2700 en
760 2658 818 2701 etnnt

50 2707 196 2766 Palaepolis.
207 2709 263 2754 -11,
277 2710 338 2753 Areu
350 2714 419 2767 (Αριῦ,
448 2717 555 2769 instruits¹
575 2717 607 2762 les
623 2720 818 2764 condemnerentl

49 2770 132 2815 vocetis
142 2770 170 2815 dc
179 2776 243 2827 ’Δριῦς
252 2774 274 2814 el
293 2772 419 2816 Alcibiade.
448 2785 512 2822 mort.
523 2779 551 2821 lls
569 2780 689 2824 attribuent
707 2783 783 2825 donet
798 2783 818 2826 ln

49 2835 118 2878 trem
132 2839 154 2878 et
176 2833 292 2884 Alcibiade,
308 2835 375 2878 exiles
393 2835 420 2879 tle
447 2854 570 2896 volipennco
588 2843 614 2885 tle
630 2856 667 2887 css
684 2843 745 2887 deux
756 2845 824 2899 spus

48 2896 175 2952 Spartopar
189 2897 209 2939 le
220 2904 279 2952 lyron
295 2896 367 2951 bobis,
385 2898 421 2942 fu·
447 2903 514 2947 tintus
530 2904 566 2949 los
580 2907 724 2950 actualibus
743 2904 841 2959 porti-les

44 2965 101 3009 not,
111 2959 175 3012 optes
187 2959 208 3002 lo
217 2969 275 3005 mort
289 2962 317 3006 de
333 2976 357 3007 ce
367 2963 421 3009 der·
448 2976 529 3015 contre
540 2964 846 3028 euisuprosuosuouo'ms
