1904 3216
345 190 382 239 EX
400 189 469 239 lllll
484 189 571 239 trono
587 189 630 243 tx.
822 189 864 239 t‘ll

97 303 157 353 licet
168 301 266 352 AEmilia
281 303 345 364 lege,
365 316 494 352 censuram
508 315 600 362 geram,
613 307 639 350 et
658 302 725 351 solus
739 315 834 364 geram.
853 320 865 348 a

97 373 147 422 lloc
158 373 259 436 quidem
274 372 326 433 jam
337 385 415 432 regno
431 372 513 420 simile
527 378 572 420 est.
588 373 624 419 ln
640 372 761 432 collegam
774 372 866 420 subro-

95 442 167 502 gabis
182 442 224 506 (8),
239 456 316 508 quern¹
328 457 360 491 ne
378 442 540 492 indemortui
559 441 659 504 quidem
678 441 760 490 locum
774 441 866 491 subro-

95 512 150 574 gari
162 513 201 562 ias
216 515 271 562 est?
288 513 393 563 Poenitet
405 512 437 575 to)
447 513 515 562 enim
530 514 596 577 quod
610 513 812 577 antiquissimum
825 527 866 564 so·

94 583 186 639 lemno,
201 587 227 630 et
236 581 318 631 solum
331 583 363 632 ab
374 584 438 645 ipso,
449 583 489 633 cui
498 587 535 641 lit,
548 584 692 632 institutum
705 583 751 633 deo
764 582 824 647 (1⁰),
834 583 866 632 ab

94 653 257 704 nobilissimis
270 655 423 704 antistitibus
439 655 493 717 ejus
505 655 569 704 sacri
583 654 614 704 ad
630 668 759 704 servorum
773 654 865 704 minis-

94 726 187 774 terium
199 724 330 786 religiosus
339 739 427 774 censor
435 725 571 775 deduxisti:
582 739 643 787 gens
648 725 776 787 antiquior
787 724 865 788 origi·

94 794 170 843 nibus
179 793 251 842 urbis
261 793 345 856 hujus,
355 794 463 856 bospitio
470 794 573 844 deorum
580 795 762 844 immortalium
771 800 864 854 sancta,

94 869 241 926 propterte
262 877 291 912 ac
307 871 376 912 tuam
394 879 522 914 censuram
543 865 608 914 intra
628 879 719 913 annum
738 866 769 914 ab
786 865 865 928 stirpe

93 933 214 981 exstincta
223 938 274 990 θεὶς
282 933 330 982 nisi
335 933 474 982 universam
482 935 662 996 rempublicam
671 948 701 983 eo
709 934 804 984 nefario
814 935 863 998 (tlt

93 1002 266 1060 obstrinxeris,
283 1003 350 1065 quod
368 1003 474 1053 ominari
492 1004 567 1053 etiam
590 1004 736 1053 reformidat
755 1004 862 1054 animus.

93 1072 157 1123 Urbs
169 1087 198 1123 eo
208 1072 288 1123 lustro
301 1081 372 1136 capta
387 1081 425 1123 est
438 1088 497 1137 quo,
510 1075 641 1124 demortuo
655 1075 749 1136 collega
761 1075 786 1124 (l.
795 1075 864 1124 lulio

89 1157 204 1200 censore,
227 1144 252 1193 l.
278 1144 395 1206 Papirius
415 1147 515 1203 Cursor,
543 1159 574 1194 ne
600 1146 680 1194 abiret
705 1146 862 1208 magistratu,

92 1216 120 1263 ll.
138 1215 280 1264 Cornelium
297 1215 488 1276 Maluginensem
510 1217 631 1278 collegam
654 1217 806 1278 subrogavit.
833 1217 863 1266 Et

90 1291 185 1347 quanto
199 1285 333 1335 modestior
345 1285 414 1334 illius
427 1286 548 1348 cupiditas
565 1289 613 1336 luit
629 1299 704 1349 quam
719 1295 771 1344 tua,
784 1286 862 1348 Appi?

91 1357 141 1405 Nec
158 1356 235 1412 solus,
252 1369 297 1404 nec
319 1355 385 1405 ultra
399 1355 498 1404 finitum
513 1357 568 1419 lege
585 1364 683 1418 tempus
704 1357 729 1405 l.
749 1357 862 1419 Papirius

88 1438 223 1481 censuram
233 1426 324 1487 gesem
341 1431 423 1474 tamen
434 1425 559 1474 neminem
573 1425 667 1474 invenit
676 1427 720 1489 qui
731 1441 759 1476 se
772 1435 858 1489 postea

88 1503 219 1546 auctorem
240 1504 403 1558 sequeretur;
425 1510 510 1546 omnes
530 1497 646 1560 deinceps
666 1511 782 1548 censores
806 1505 863 1561 post

90 1575 198 1616 mortem
208 1565 309 1627 collegae
322 1579 348 1613 se
360 1566 507 1628 magistratu
520 1567 675 1616 abdicarunt.
686 1568 726 1625 le,
738 1583 784 1619 nec
796 1569 860 1631 quod

90 1689 112 1733 8.
141 1687 178 1731 Aa
210 1685 321 1741 collegam
352 1686 463 1743 subropa—
489 1687 861 1742 cb.l);mais(pourucbeveravec

89 1747 153 1792 bis!
170 1745 188 1789 ll
205 1759 218 1788 a
237 1745 272 1789 dte
290 1746 320 1788 dit
339 1746 388 1801 plus
410 1747 463 1790 baut
490 1747 522 1791 les
540 1750 625 1803 paroles
641 1751 722 1791 memes
742 1750 769 1792 de
792 1749 860 1802 T.-L..

88 1822 133 1866 qua
158 1808 180 1852 la
206 1807 305 1862 colldgue
324 1807 461 1864 d'sppius,c.
489 1809 523 1850 cb.
541 1809 576 1863 29)
594 1809 690 1865 :Appio
710 1813 805 1853 ortctore
821 1811 861 1854 Po·

90 1868 275 1920 Plautius‚s'dtait
289 1869 417 1911 soumisila
432 1868 462 1910 loi
490 1869 551 1919 titii,
574 1883 627 1926 pens
648 1873 714 1925 cajus
735 1871 766 1914 ud
789 1872 860 1915 Aram

90 1924 221 1976 Emilienne.
238 1931 316 1984 Depuis
330 1930 350 1973 la
364 1932 422 1985 prise
435 1931 462 1973 de
490 1933 616 1976 maximam
625 1933 731 1976 Herculis
738 1933 861 1987 fertiliore

89 1996 157 2038 nome
166 2006 207 2049 par
216 1993 248 2035 les
256 1993 343 2035 Gaulois
351 2005 379 2035 ou
386 1993 463 2035 n'osait
489 1994 861 2050 sacerdotiunisueratpervospu·

89 2057 139 2112 plus
148 2055 384 2110 remplaceruucens'
397 2061 461 2096 inort.
490 2056 561 2100 blicos
583 2058 711 2100 ministerii
736 2057 860 2112 delegandi

87 2119 117 2162 Le
126 2117 193 2160 motis
199 2123 233 2159 est
247 2115 335 2171 indiqud
349 2116 397 2170 plus
406 2116 462 2169 bos;
489 2131 560 2160 causo
567 2118 678 2161 solemnia
689 2121 738 2172 ejus
747 2118 810 2159 sacri
821 2117 859 2160 do·

88 2193 135 2237 vop.
152 2179 221 2230 Tela..
229 2178 263 2220 cb.
277 2178 310 2221 51.
321 2201 347 2209 -
356 2178 376 2221 9.
388 2178 462 2221 Poeni-
489 2184 593 2223 coiciunt.
607 2181 719 2223 Traditur
728 2179 783 2222 inde
793 2180 859 2223 dictat

88 2245 130 2294 aar,
137 2247 217 2285 seem.
226 2243 255 2291 ta,
264 2239 315 2282 ilua
323 2247 343 2282 te
351 2239 459 2295 sultitpos,
488 2242 606 2292 mirabile.
616 2246 638 2284 et
647 2242 708 2298 guod
714 2241 859 2285 dimovendis

87 2304 141 2348 θοοὶ
155 2309 205 2358 tmp
214 2313 258 2358 peu
274 2313 329 2356 pour
345 2302 376 2343 toi
392 2314 459 2356 que...
487 2305 550 2344 stata
568 2315 610 2345 sao
630 2304 703 2344 sacris
722 2301 859 2357 religionem

87 2366 109 2409 sa*
127 2367 179 2408 tat...
200 2363 296 2419 (πῶυ).
316 2386 342 2394 ·-
360 2363 393 2406 10.
408 2363 459 2413 Deo,
487 2365 564 2417 socero
575 2366 669 2419 posset:
683 2375 753 2418 prtum
772 2363 857 2406 duode-

86 2428 189 2472 llercule.
206 2417 312 2477 Evandro,
334 2427 353 2468 si
373 2425 416 2469 l'ou
432 2439 460 2468 co
487 2426 532 2467 cim
552 2424 651 2479 faenilia
668 2439 695 2468 eu
724 2428 858 2480 tempestate

86 2493 144 2534 croit
152 2490 174 2533 la
190 2489 302 2540 tradition,
312 2494 373 2540 recut
386 2501 411 2530 ce
422 2489 459 2530 be-
489 2487 627 2530 Potitiorum
634 2491 714 2538 ment,
717 2486 817 2543 puberes
826 2488 858 2531 od

86 2552 195 2596 rosison
208 2549 294 2593 arrirde
310 2561 338 2592 en
355 2549 415 2592 italic
431 2562 458 2591 en
486 2549 595 2605 triginta,
605 2562 681 2592 omnes
690 2549 755 2592 intro
769 2562 857 2592 urinam

86 2609 458 2660 etlebnutuusacrmce;lanoble
486 2623 538 2652 cum
563 2610 636 2665 stirpe
659 2610 793 2661 exstinctos,
815 2623 857 2653 nco

86 2674 170 2718 tamilla
181 2673 221 2715 das
230 2671 334 2714 Potiticus
344 2672 405 2723 (gens
419 2669 459 2712 Po-
486 2682 567 2712 nomen
576 2673 667 2712 tontum
675 2671 815 2714 Potitiorum
821 2671 857 2712 in-

87 2736 152 2788 titio)
167 2747 181 2791 y
199 2732 288 2788 ramplit
303 2735 336 2774 las
352 2731 459 2773 fonctions
487 2734 578 2783 temese,
592 2732 632 2774 sed
653 2745 767 2776 ceirsorem
784 2733 856 2776 etiam

86 2794 240 2845 acardotalea,
263 2799 286 2836 et
309 2803 413 2836 conserva
438 2791 458 2833 le
486 2791 584 2848 Appiam
600 2794 696 2836 artcmori
711 2793 808 2835 deorum
817 2793 861 2836 iro

86 2858 202 2903 sacerdooa
225 2853 339 2898 d'llarcula
356 2853 459 2907 jusqu'uu
483 2857 534 2908 post
544 2854 636 2914 aliquot
645 2869 722 2901 onnos
735 2854 873 2898 luminibus

86 2929 157 2978 trumo
172 2918 274 2975 d'dppius
288 2919 341 2973 (roy.
361 2915 427 2969 r.-l.‚
438 2916 455 2971 l,
484 2923 591 2976 coptum.
611 2945 640 2954 -
655 2923 695 2966 lt.
711 2917 830 2975 besprim
843 2927 883 2956 oar
