1904 3216
353 209 391 257 tx
407 207 477 257 LlVll
495 205 580 256 liutto
597 205 623 256 V.
847 208 874 257 ts

98 335 142 372 nos
154 329 277 388 tunquam
287 323 451 374 cumciribus
464 336 539 382 agere
554 323 688 376 columma
706 323 804 386 agique.
820 332 874 374 tan-

97 407 171 455 quam
187 408 247 444 cum
260 395 352 458 patria,
361 393 494 444 nobiscnm
508 406 756 456 aequumcensemus.
769 396 874 445 lutnon

96 465 190 528 suscipi
200 466 299 514 bellurn
308 465 429 528 oportuit,
435 471 479 514 arrt
486 464 541 524 geri
550 478 593 518 pro
600 463 725 524 dignitate
732 466 818 526 populi
829 468 874 513 lto-

95 533 165 582 mani
176 542 202 584 et
215 533 306 597 perlici
314 535 502 596 quamprimum
516 539 622 596 oportet.
630 533 774 582 l'erlieietur
788 544 872 584 autem

96 603 118 652 si
132 617 257 665 urgemus
266 605 389 661 obsessos,
399 604 421 653 si
436 617 485 653 non
497 604 722 657 auteabscedimus.
733 617 809 665 quam
818 605 871 666 spei

96 681 190 724 nostre
207 675 285 724 finem
303 674 383 738 captis
400 675 465 723 Veiis
484 675 686 738 imposuerimus.
711 673 746 731 si,
760 674 870 735 hercule,

96 745 223 795 nullaclia
232 742 316 804 causa,
326 746 378 809 ipsa
386 745 520 808 indignitas
530 745 872 808 perseverantiomimponere

95 814 192 864 debuit.
204 816 295 865 liecem
305 816 430 878 quondum
438 829 516 864 annos
527 816 587 863 urbs
598 815 631 875 (ll
640 821 778 876 oppugnata
786 823 831 872 est.
841 816 871 865 ob

96 897 175 934 unam
186 885 333 939 mulierem.
347 887 377 936 ab
393 885 508 935 universa
523 884 613 934 Gracia
630 900 636 932 :
653 898 728 946 quam
739 889 825 947 procul
840 887 870 936 ab

96 955 186 1005 domo!
202 964 266 1018 quot
274 964 363 1014 terras,
371 964 432 1019 quot
444 957 523 1006 muria
535 956 640 1005 distans!
650 957 696 1003 ¹ios
704 956 769 1005 intra
783 957 872 1007 vicesi-

94 1038 166 1075 mum
180 1027 289 1088 lapidem
302 1027 347 1090 (5),
359 1027 386 1075 in
398 1035 532 1090 conspectu
546 1041 623 1090 prope
640 1027 709 1075 urbis
725 1037 817 1078 nostrat
828 1043 873 1078 an·

95 1109 173 1144 uuam
183 1097 397 1159 oppugnationem
409 1101 523 1159 perterre
538 1097 613 1159 piget.
625 1097 731 1154 Scilicet,
742 1099 799 1159 quio
811 1099 871 1147 leris

93 1166 238 1216 causabeili
247 1172 297 1225 est;
310 1180 355 1216 nec
366 1166 426 1215 satis
437 1165 574 1229 quidquam
581 1166 642 1226 J'usti
653 1166 746 1215 doloris
759 1169 869 1228 estquod

95 1246 140 1282 uos
153 1234 185 1282 cd
195 1235 404 1296 perseverandum
416 1235 537 1284 stimulet.
554 1235 647 1298 Septies
658 1235 825 1292 rebellarunt;
843 1235 869 1282 in

92 1316 155 1364 pace
167 1318 300 1366 nunquam
312 1304 356 1354 lidi
365 1308 482 1361 iueruut;
493 1319 566 1367 agtus
580 1312 678 1353 nostros
691 1305 779 1354 millies
792 1306 867 1366 depo·

92 1374 259 1434 potiusnon
274 1376 404 1425 Fidenates
414 1376 517 1425 delicere
532 1375 626 1425 anobis
643 1381 791 1430 coeperunt3
804 1376 869 1422 colo·

93 1456 138 1491 nos
151 1452 253 1494 nostros
267 1445 510 1502 ioiinter·n·ce1·unt;
527 1454 640 1494 auctores
649 1448 718 1492 luere
731 1450 817 1493 eontra
825 1446 870 1506 jus

92 1510 230 1580 {gentium}
243 1516 317 1566 cedis
328 1516 411 1579 impiae
425 1518 563 1578 legatorum
572 1523 727 1571 nostrorum;
742 1515 868 1564 Etruriam

91 1595 195 1634 omnem
208 1586 326 1636 adversus
345 1600 390 1636 nos
405 1587 530 1636 concitare
545 1587 682 1641 voluerunt,
704 1585 828 1647 hodieque
842 1587 867 1634 id

91 1655 256 1705 moliuntur:
271 1669 312 1706 res
322 1666 464 1718 repetentes
476 1656 508 1720 pti)
521 1658 615 1718 legatos
628 1663 725 1704 nostros
736 1657 800 1704 haud
810 1669 868 1718 pro·

90 1726 129 1773 cul
144 1725 231 1775 abluit
241 1727 302 1788 quin
312 1728 443 1777 violarent.

120 1796 183 1844 Cum
189 1796 237 1847 ¹his
247 1797 356 1847 molliter
365 1806 391 1847 et
400 1812 443 1860 per
450 1797 581 1846 dilationes
590 1797 682 1846 bellum
692 1797 746 1859 geri
753 1800 866 1858 oportett

89 1864 113 1913 Si
122 1880 170 1915 nos
176 1874 230 1916 tam
234 1868 331 1930 justum
344 1869 430 1917 odium
441 1868 504 1915 niliil
513 1875 604 1925 moret,
618 1881 648 1915 ne
657 1867 699 1915 illu
709 1867 809 1928 quidem
821 1881 865 1914 oro

88 1949 142 1995 sos,
158 1939 274 1987 moventi
284 1939 405 2000 Operibus
413 1939 558 2000 ingentibus
565 1945 631 2001 septo
639 1946 699 1986 uros
713 1947 758 1993 est,
774 1939 866 1999 quibus

90 2005 155 2054 intra
166 2021 256 2057 muros
265 2016 395 2058 coercetur
406 2009 483 2057 hostis
493 2025 499 2065 ;
511 2023 597 2069 agrum
610 2021 659 2055 noo
668 2009 752 2065 coluit,
765 2017 790 2055 et
799 2012 864 2056 culta

88 2075 217 2126 devastata
224 2084 283 2126 sunt
291 2078 366 2128 bello.
379 2080 403 2128 Si
411 2079 555 2127 reducimus
565 2078 862 2140 exercitumquisestqni

88 2144 189 2195 dubitet
197 2147 263 2205 illos,
273 2163 322 2197 non
332 2164 344 2197 u
353 2150 573 2210 cupiditatesolum
584 2149 779 2204 ulciscendi,sed
790 2149 863 2196 etiam

87 2218 237 2267 necessitate
252 2219 369 2282 imposita
380 2235 408 2269 ei
422 2224 501 2269 alieno
510 2221 647 2283 praedandi,
658 2233 737 2281 quum
747 2234 791 2267 sua
802 2234 864 2268 arm-

86 2289 178 2347 secim,
195 2303 286 2351 agrum
300 2299 413 2341 nostrum
428 2292 574 2341 invasurosl
591 2293 642 2340 Non
656 2291 800 2338 dilleriinus
816 2291 863 2352 igi-

88 2365 130 2407 tur
138 2361 236 2410 bellum
249 2364 298 2412 isto
311 2364 415 2413 consilio
425 2365 469 2427 ql),
484 2364 528 2412 sed
543 2364 608 2411 intra
621 2366 682 2412 lines
694 2372 791 2411 nostros
800 2365 864 2413 acci·

86 2431 180 2491 pimus.
196 2432 261 2488 Quid
284 2433 358 2491 illud,
380 2435 445 2496 quod
466 2432 568 2495 proprie
587 2435 618 2482 ad
636 2433 728 2481 milites
743 2433 863 2496 pertinet,

86 2501 180 2562 quihus
189 2502 251 2551 honi
263 2503 361 2553 tribuni
375 2505 455 2566 plebis
463 2517 540 2566 quum
552 2503 704 2565 stipendium
714 2510 863 2566 extorquere

88 2572 232 2630 voluerunt,
244 2583 312 2620 nunc
323 2578 464 2624 consultum
480 2583 584 2635 repente
602 2574 694 2623 volunt.
714 2576 787 2635 quale
807 2575 860 2623 esti

86 2740 107 2783 l.
125 2738 193 2789 Urbs,
213 2741 285 2782 Troie.
306 2740 344 2783 Les
361 2742 463 2783 llomains
490 2747 533 2783 ent.
551 2740 701 2791 milliarium,
719 2742 731 2783 l
749 2743 819 2783 moins
836 2742 863 2783 de

86 2800 280 2845 connaissuieutce
289 2800 326 2843 lait
333 2809 464 2845 concernunt
489 2800 565 2849 iuuit)
581 2814 618 2855 pas
632 2802 659 2844 de
671 2805 744 2845 ltome.
756 2825 779 2834 -
790 2804 810 2847 6.
821 2803 864 2845 Res

88 2865 150 2906 leun
169 2865 270 2906 noceres
285 2876 324 2919 por
339 2864 371 2907 les
388 2866 463 2908 chants
490 2865 862 2919 repetere,iuircdosreclamations.

87 2927 214 2969 cadomus„
226 2947 252 2958 -
265 2927 286 2970 5.
306 2925 421 2983 lapidem,
431 2939 463 2969 s·
489 2951 515 2959 -
528 2927 606 2975 licio
619 2929 730 2985 coneilio,
740 2935 877 2988 eupreuunt
