1904 3216
287 176 324 224 llll
340 175 407 223 llllll
428 175 515 223 ttsslln
531 172 654 225 fflllll.
811 174 856 224 291

118 292 212 354 Duplex
225 305 322 348 eorum,
336 297 366 339 ut
385 289 598 348 animadvertistis,
610 290 693 339 Patres
710 291 856 355 conscripti.

84 362 209 412 accusatio
218 360 275 410 luit.
283 360 341 408 dam
349 373 394 408 nec
402 360 538 421 gerendum
548 359 610 407 milii
619 361 693 408 luisse
700 359 793 410 bellum
800 375 858 412 cum

87 432 167 488 Gallis
184 439 209 479 et
225 437 322 493 gestum
336 437 429 479 temere
443 438 517 491 atque
531 430 710 492 imprudenter,
727 431 856 482 dixerunt:

88 507 236 551 «nonerunt
247 501 307 550 Galli
317 502 407 557 hostes,
421 501 463 550 sed
480 507 507 548 tu
520 515 563 550 eos
577 506 672 562 pacatos
687 501 809 563 imperata
818 502 858 552 la-

86 575 180 624 cieutes
194 572 300 622 violasti.
312 589 325 619 i
338 573 389 621 lion
404 587 460 621 sum
473 572 642 635 postulaturus
659 572 762 633 anobis,
772 572 859 623 Patres

84 641 229 706 conscripti,
247 648 284 699 ut,
299 655 355 704 quae
372 642 538 691 communiter
554 642 584 691 de
602 640 759 692 immunitate
776 642 859 705 gentis

86 714 223 770 Gallorum,
231 713 262 761 de
272 713 435 762 infestissimo
444 712 628 761 odioinnomeu
635 713 773 763 Romanum
778 714 857 774 scitis,

86 798 116 833 ea
125 784 155 833 de
165 782 216 832 illis
228 782 478 846 quoque,qui.lsia1n
493 780 857 839 inuoluunexistimetisddlls.

86 850 859 915 Remotaunisersaegentisinl'amiaatqueinuidia,pcreeipsoo
915 896 918 903 .

85 923 215 973 aestirnate.
232 922 328 970 Utinam
348 936 391 970 rer
408 922 536 978 Eumenes,
553 921 649 970 utinam
661 920 726 972 asto
744 921 858 975 citiltloe'

83 1007 171 1044 omncs
179 993 300 1049 adessent,
309 992 396 1041 etillos
405 992 488 1055 potius
496 997 640 1055 querentes,
649 1004 725 1054 quom
734 1005 775 1042 me
783 1006 858 1045 accu-

87 1070 190 1123 santem‚
204 1063 337 1114 audiretis!
351 1063 445 1119 llittite,
456 1062 570 1124 agedum,
583 1062 677 1124 legatos
690 1061 757 1113 circa
771 1078 858 1115 omncs

87 1134 149 1184 lsiae
167 1135 250 1192 urbes,
263 1141 289 1183 et
299 1133 412 1195 quaerite,
428 1139 485 1181 ulra
499 1131 607 1194 graviori
621 1131 739 1182 servitute
755 1133 799 1198 (l),
812 1138 859 1185 ln·

87 1207 171 1255 tioclio
184 1207 249 1254 ultra
259 1204 332 1253 lauri
336 1204 397 1266 juga
410 1210 499 1259 emoto,
509 1217 540 1252 an
549 1201 623 1251 Gallis
631 1202 750 1263 subactis,
759 1203 857 1257 liberati

87 1276 153 1325 sint?
170 1275 266 1340 quoties
285 1275 339 1336 agri
358 1288 445 1323 eornm
466 1273 552 1323 vastati
576 1273 635 1330 sint,
655 1273 752 1336 quoties
766 1277 858 1337 prredo

87 1348 187 1403 abactae,
207 1346 318 1395 referant
329 1360 335 1393 ε
348 1359 428 1408 quum
449 1345 489 1393 rix
506 1343 647 1393 redimendi
664 1344 771 1408 captivos
785 1346 857 1413 copi·

87 1422 161 1473 esset,
169 1423 194 1466 et
204 1423 323 1466 mactatas
334 1417 455 1464 humanas
465 1415 560 1465 hostius
569 1414 758 1479 immolatosque
764 1416 858 1470 liberos

87 1501 146 1537 suos
160 1486 448 1549 audiremstipendium
467 1486 556 1535 scitote
571 1482 717 1549 pependisse
727 1486 858 1540 sociosve-

85 1557 244 1612 strosGallis;
254 1562 357 1613 etnunc,
364 1558 575 1620 liberatospervos
580 1556 771 1619 regloimperio,
777 1558 858 1611 luisse

87 1642 216 1691 pensuros,
229 1627 251 1676 si
263 1642 276 1676 a
289 1643 329 1676 me
342 1628 373 1689 (5)
387 1630 589 1677 l'oretcessatum.
601 1629 654 1683 Quo
666 1627 764 1689 lougius
772 1627 858 1681 nudo-

87 1702 150 1749 clms
164 1705 261 1749 emotus
274 1706 348 1755 esset,
360 1700 407 1748 lroc
416 1699 576 1761 impotentius
585 1699 619 1763 (o)
633 1699 660 1748 in
671 1699 728 1748 lsiu
741 1700 803 1750 Galli
814 1700 860 1753 (lo-

89 1772 260 1820 minarentur:
274 1778 299 1818 et
317 1769 436 1832 quicquid
449 1775 485 1817 est
496 1777 621 1819 terrarum
631 1771 695 1820 citra
704 1770 776 1819 Tauri
784 1769 857 1834 juga,

89 1842 214 1890 Gallorum
225 1841 340 1902 imperio,
355 1854 404 1889 non
418 1849 505 1897 vestro,
518 1839 677 1901 adjecissetis.

120 1912 222 1962 ltenim
235 1919 291 1959 sunt
303 1911 355 1960 inec
367 1911 415 1959 ita:
424 1910 596 1958 verumetiam
605 1909 711 1971 llelphos
723 1910 857 1971 quondam,

87 1996 217 2033 commuue
236 1981 338 2029 humani
354 1980 453 2042 generis
469 1980 606 2036 oraculum,
626 1979 772 2027 umbilicum
788 1978 859 2031 orbis

89 2064 215 2103 terrarum
227 2050 268 2111 (ll,
278 2050 339 2098 Galli
347 2049 527 2111 spoliat·erunt;
543 2064 586 2099 nec
594 2049 648 2098 ideo
660 2048 859 2111 populusllomn-

89 2137 136 2172 nus
146 2122 185 2171 nis
194 2120 290 2169 bellum
298 2118 394 2172 indixit,
403 2126 445 2166 aut
452 2118 545 2166 intulit.
554 2120 674 2180 Equidem
682 2118 860 2181 uliquidinter·

88 2207 142 2243 esse
158 2194 233 2242 rebar
248 2189 314 2240 inter
330 2191 356 2239 ld
377 2197 482 2252 tempus
494 2204 542 2250 quo
557 2191 665 2239 nondum
683 2188 774 2251 injure
782 2202 811 2238 ac
820 2188 859 2239 dl·

88 2264 156 2313 tione
167 2270 247 2311 restra
263 2262 357 2311 Graecia
368 2268 442 2321 atque
456 2260 512 2307 dsia
528 2267 588 2317 erat,
604 2260 634 2309 ad
653 2259 792 2308 curandum
805 2260 860 2311 anl·

88 2332 352 2393 madvertendnmqne‚
369 2328 430 2391 quid
444 2327 470 2376 iu
483 2328 523 2377 liis
532 2330 608 2377 terris
615 2332 697 2385 lieren
709 2335 735 2377 et
743 2328 798 2387 hoc,
809 2342 860 2393 quo

91 2401 165 2449 linem
178 2400 276 2462 imperii
290 2398 508 2448 llomanilaurnm
516 2397 762 2453 montemstatulstis.
771 2398 860 2461 quoll-

95 2533 298 2589 pardrsmrnurus,
310 2527 460 2572 sauscombat
488 2528 558 2570 Amr
579 2541 606 2570 ne
627 2528 712 2582 signifie
730 2540 769 2584 pas
790 2546 802 2569 ι
819 2541 860 2585 μοι

92 2618 118 2627 -
128 2595 148 2637 l.
163 2591 332 2647 lllrnqraoiori
340 2591 460 2640 seruitute,
489 2589 533 2631 moi
544 2605 563 2637 ι,
574 2589 629 2631 mais
640 2607 650 2629 ι
665 2588 693 2631 de
702 2601 737 2631 ma
747 2596 796 2644 part
805 2606 860 2634 ι.-

93 2656 219 2709 expression
236 2666 321 2695 corteno
337 2664 393 2708 pour
406 2654 462 2692 utra
490 2651 511 2694 6.
521 2650 683 2704 lmpolentinr,
692 2648 768 2692 cel-tl.
780 2649 860 2695 immo·

92 2714 388 2770 territuspraviorsumit,
405 2723 462 2754 eane
490 2709 603 2754 ceratias.
623 2734 650 2742 —
671 2710 693 2754 Ἰ.
721 2708 859 2755 llntltilt'cnm

93 2792 139 2834 qim
162 2778 257 2820 lroeruli
279 2781 334 2820 sunt
351 2775 462 2819 Antiocho
490 2772 756 2827 vrbisterrurnmuoy.
771 2772 792 2813 ln
808 2780 859 2817 note

94 2844 175 2891 rotulo,
198 2854 228 2882 nn
249 2854 275 2882 en
295 2853 340 2895 quc
366 2836 461 2881 liberali
490 2836 501 2876 'l
520 2835 550 2877 du
568 2832 625 2876 llise.
649 2829 737 2875 CLXXV.
755 2830 813 2875 l'our
834 2832 861 2875 lo

92 2906 148 2946 suat
166 2902 267 2944 audactis
286 2901 377 2944 Gallis?
393 2923 420 2929 -
439 2898 460 2942 ὅ.
489 2897 539 2951 luit,
555 2909 608 2954 top.
627 2894 716 2946 lustin,
733 2893 780 2935 lm.
791 2889 880 2938 ml„
