1904 3216
127 188 174 240 ccc
238 250 241 260 ,
439 185 599 238 omuonns

127 299 279 349 decimvirali
292 298 427 350 sacerdotio
441 300 592 362 praeditum3
606 312 736 363 nunquam
757 312 807 364 pro
827 299 910 350 salute

128 369 252 432 Principis
265 369 412 419 autcoelesti
432 383 492 421 voce
514 369 545 434 (5)
573 364 753 425 immolavisse}
777 369 921 420 assiduum·

127 439 189 487 olim
204 445 228 489 et
241 439 400 497 indefessum,
415 440 458 502 qui
470 439 614 501 vulgaribus
630 453 729 502 quoque
738 439 910 489 Patrumcou-

109 540 112 546 ·
128 511 282 560 sultissemet
290 510 633 560 lautoremautadversarium
639 510 788 567 ostenderet,
794 510 909 561 triennio

130 594 179 630 non
188 581 315 630 introiisse
321 579 640 642 curiamtnuperrimeque,
647 593 726 642 quum
742 579 774 629 ad
787 593 908 631 coercen-

127 654 172 702 dos
185 652 296 701 Silanum
309 656 335 700 et
350 651 500 713 Veteremid)
511 651 627 700 certatim
637 657 846 710 concurreretur,
858 652 909 716 pri·

128 720 527 785 vatispotiusclientiumnegotiis
536 721 666 771 vacavisse.
675 720 849 771 Secessionem
855 724 908 786 jam

129 795 155 843 id
162 799 186 842 et
192 797 276 856 partes
281 798 314 850 et,
320 793 342 842 si
350 792 416 841 idem
421 793 494 842 multi
500 794 614 848 audeant,
620 792 715 842 bellum
723 804 785 842 esse.
792 792 825 842 Ut
830 807 909 856 quon·

129 863 186 911 dam
199 863 225 911 G.
239 864 367 921 Caesarem,
383 861 475 926 inquit,
487 869 513 912 et
524 863 555 911 ll.
567 862 681 912 Catonem
694 861 737 926 (5),
751 862 786 911 ita
793 876 865 914 nune
873 870 906 927 tc,

46 958 49 963 ·
129 935 199 986 llere,
208 939 233 982 et
244 934 375 983 Thraseam
389 933 460 982 arida
473 932 657 983 discordiarum
667 932 755 983 civitas
774 934 907 997 loquitur:

129 1011 154 1054 et
177 1004 251 1053 habet
270 1010 404 1053 sectatores
426 1005 464 1053 rel
483 1004 565 1066 potius
583 1003 711 1056 satellites.
731 1003 775 1065 qui
793 1005 907 1055 nondum

129 1074 308 1123 contumaciam
319 1073 507 1131 sententiarum,
519 1075 562 1123 sed
571 1074 683 1122 habitum
694 1074 844 1138 vultumque
855 1075 909 1138 eius

129 1151 255 1194 sectantur
269 1144 347 1207 rigidi
358 1152 382 1194 et
393 1145 487 1202 tristes.
496 1144 597 1208 quotihi
606 1143 735 1193 lasciviam
745 1145 908 1208 exprobrent.

128 1214 192 1263 Huic
203 1214 245 1263 uni
260 1210 419 1265 incolumitas
431 1222 482 1272 tua,
490 1223 538 1264 tuae
547 1220 614 1264 artes
624 1213 679 1263 sine
687 1214 797 1264 honore:
808 1228 911 1278 prospe

129 1298 169 1334 ras
182 1285 305 1348 Principis
319 1300 359 1335 res
371 1285 478 1348 spernit;
493 1286 602 1334 etiamne
614 1284 723 1334 luctibus
730 1290 756 1333 et
774 1285 910 1336 doloribus

129 1369 179 1403 non
190 1356 310 1405 satiatur?
326 1356 441 1418 Ejusdem
455 1355 532 1404 animi
549 1361 594 1413 est,
617 1355 745 1418 Poppaeam
758 1354 846 1405 divam
858 1370 910 1406 non

129 1426 238 1484 credere,
253 1426 324 1488 cujus
343 1427 369 1474 in
381 1433 434 1474 acta
446 1426 496 1474 divi
511 1425 617 1488 Augusti
627 1431 652 1474 et
661 1424 723 1474 Julii
741 1438 794 1474 non
808 1425 908 1489 J'urare.

129 1494 227 1557 Spernit
237 1495 378 1556 religiones,
397 1495 499 1557 abrogat
513 1496 589 1557 leges.
604 1492 743 1558 diurnali)
761 1495 852 1559 populi
864 1496 910 1545 lio·

129 1565 196 1613 mani
211 1579 257 1627 per
269 1566 416 1628 provincias,
430 1566 612 1628 perexercitus,
620 1564 731 1614 curatius
739 1564 910 1628 legunturmt

129 1643 246 1684 noscatur
257 1636 317 1698 quid
331 1638 436 1685 Thrasea
447 1650 496 1685 non
503 1636 600 1685 iecerit.
608 1637 818 1685 duttranseamus
826 1638 858 1686 ad
865 1637 909 1687 illc

130 1703 253 1764 instituta,
268 1705 290 1754 si
307 1706 401 1768 potiora
413 1712 480 1763 sunt,
496 1705 910 1768 autnovacupientibusauieratur

129 1772 178 1823 dux
189 1779 214 1822 et
224 1782 319 1824 auctor.
330 1777 377 1824 ista
385 1781 448 1824 secta
460 1775 491 1840 (i)
506 1775 646 1825 Tuberones
651 1781 675 1823 et
687 1774 817 1833 Favonios,
826 1776 909 1827 reteri

130 1927 193 1958 voeux
203 1927 247 1972 pro
257 1916 421 1959 incolumitate
434 1916 504 1959 Prin·
531 1916 585 1958 livre
593 1914 704 1958 itt-5.
717 1913 747 1958 tlt
760 1914 909 1970 wordum...

130 1976 190 2033 cipio
208 1977 305 2020 adresses
322 1990 363 2020 aux
379 1978 444 2021 dieux
460 1978 505 2020 led
532 1975 559 2017 de
568 1975 639 2017 mdme
649 1974 716 2029 qu'on
723 1974 804 2028 parlait
809 1975 872 2031 jadis
882 1978 910 2021 de

129 2037 222 2091 jaurier.
254 2039 299 2080 dux
329 2038 506 2094 quindecemvirs
532 2035 667 2079 tutes-cesar
686 2047 770 2078 comme
793 2036 848 2080 d'un
871 2050 911 2095 ep-

131 2096 185 2138 titait
203 2098 286 2140 confite
299 2098 320 2141 lu
335 2099 401 2153 garde
413 2099 459 2142 ‘des
477 2099 503 2140 li·
534 2109 641 2153 presseur,
651 2097 709 2141 etde
720 2096 787 2140 tuton
804 2098 910 2157 d'llliqua

130 2171 182 2202 vres
191 2159 291 2216 sibyllino
301 2167 323 2204 et
331 2162 352 2204 lo
364 2163 411 2203 soin
422 2161 461 2203 des
470 2173 505 2203 sa·
530 2172 615 2202 comme
624 2160 654 2202 du
662 2158 780 2202 defensent·
796 2159 826 2203 de
846 2160 870 2205 la
883 2160 911 2205 li·
938 2172 941 2177 ·

130 2221 215 2264 critices
226 2234 315 2276 queces
330 2223 396 2266 livres
411 2223 504 2278 prescri·
530 2220 599 2263 herle.
619 2245 645 2253 —
663 2220 684 2264 6.
704 2219 807 2272 ilium,
830 2228 908 2267 t.·0nt.

130 2282 210 2323 vaient.
221 2305 247 2313 -
256 2284 278 2326 3.
290 2284 335 2327 Pro
345 2283 432 2326 coeleeti
441 2295 502 2333 voce,
531 2286 593 2333 acta,
603 2283 678 2337 espece
688 2283 715 2326 de
728 2284 843 2336 journaux
860 2284 911 2329 on·

131 2354 187 2396 pour
207 2343 228 2387 la
251 2345 299 2388 voix
316 2344 344 2387 de
360 2346 503 2394 Nemmdans
530 2345 592 2396 ciels,
611 2356 651 2387 sur
667 2344 763 2400 lesquels
780 2356 812 2387 on
829 2350 909 2391 trouve

132 2405 226 2460 laquelle
240 2406 272 2449 les
283 2407 383 2451 llatteurs
396 2420 505 2450 reconna·
530 2407 619 2449 tousles
626 2406 704 2449 details
710 2406 847 2450 ndcesuires
853 2406 910 2451 dans

132 2473 182 2510 rent
194 2469 246 2511 celle
259 2469 379 2523 d'rlpollon.
391 2469 418 2511 Ce
430 2470 506 2524 singu·
530 2469 550 2510 le
564 2474 642 2511 sanant
659 2469 714 2512 ecrit
726 2467 753 2511 de
771 2466 800 2511 lt.
810 2466 909 2521 inolere,

133 2529 174 2572 lier
183 2530 252 2573 crime
269 2530 296 2573 de
309 2531 462 2586 lese-majeste.
476 2531 504 2573 dc
532 2532 573 2573 iles
591 2531 715 2583 journaux
731 2530 784 2572 cites
807 2528 841 2575 les
865 2530 909 2577 Ilo·

133 2603 160 2633 ne
170 2604 208 2646 pas
218 2593 278 2635 avoir
288 2593 354 2636 oilert
363 2593 504 2635 desacrilices
531 2592 616 2635 maius.
640 2616 666 2624 -
683 2593 702 2635 l.
719 2592 769 2635 laic
788 2594 908 2647 molada

131 2653 215 2707 pourla
225 2654 273 2695 vcia
284 2654 373 2704 celeste,
384 2660 417 2697 est
426 2667 503 2697 encore
531 2654 630 2697 doctrine
650 2655 688 2697 des
708 2654 821 2697 stoiciens.
838 2655 908 2701 secta

132 2714 231 2757 constat&
241 2728 280 2771 par
290 2716 384 2758 d’autres
393 2729 503 2772 passages.
531 2722 564 2758 est
573 2724 593 2758 lo
604 2729 720 2772 synonyme
730 2715 757 2757 de
767 2714 907 2773 disciplina,

131 2775 187 2818 -l.
202 2776 224 2818 L.
242 2778 328 2821 Silanus
344 2783 366 2820 et
386 2778 409 2820 L.
430 2778 502 2830 letus,
532 2784 554 2819 et
566 2791 589 2820 se
600 2779 669 2833 prend
678 2778 699 2819 le
712 2775 762 2831 plus
773 2784 873 2823 sourent
882 2791 909 2822 en

131 2834 230 2879 rictimos
240 2838 265 2881 de
280 2839 330 2881 leur
341 2838 440 2893 mobile,
455 2851 503 2894 roy.
531 2840 642 2881 muuvaisc
656 2846 713 2894 part.
730 2838 754 2887 0.
774 2839 847 2883 Elius
865 2840 910 2886 Tu-

182 2912 224 2944 cux
241 2899 276 2947 les
287 2901 352 2960 chap.
365 2901 417 2945 t-tt
436 2900 464 2944 do
482 2912 507 2943 ce
531 2901 586 2944 itero
600 2901 653 2943 dtait
665 2914 697 2943 un
710 2900 804 2944 stoieien
821 2902 901 2957 rigide
