1904 3216
265 195 303 244 nx
319 197 388 245 nvn
405 195 493 245 niuno
509 160 634 276 tumn.¹
783 197 828 247 en

56 306 78 344 τ.
95 304 204 359 Quinctius,
218 306 250 346 eni
267 318 290 346 ee
308 318 342 347 res
361 308 517 357 permittebatur.
535 307 639 347 concilium
657 305 696 347 eibi
714 307 832 359 hchmorum

55 351 213 403 praeben—iussit
227 355 274 390 Erat
286 353 392 398 Quinctius.
412 353 464 390 sicut
477 353 627 391 adversantibus
642 363 706 402 espec.
721 356 755 393 ita.
769 353 787 390 si
796 364 830 390 ce-

57 397 125 478 afficto,
139 397 190 436 idem
203 397 312 446 placebitis.
331 397 406 436 omissa
425 397 484 446 igitur
502 397 625 436 contentione
643 407 696 436 vocis
716 397 833 443 vultusque,

84 536 141 580 C’est
149 537 244 581 i'intertt
253 538 292 581 des
302 538 397 582 icheens
407 539 434 582 de
452 546 523 582 cester
533 539 587 583 dans
598 539 660 584 leues
674 538 757 584 limites
764 546 832 583 natu·

56 595 135 648 relies3
146 600 210 640 sinon
220 598 247 640 ils
257 599 362 653 perdiont
370 605 431 643 toute
439 600 507 643 force.

89 719 116 770 Si
130 720 219 770 utilem
235 721 416 783 possessionem
428 722 485 784 ejus
498 723 589 774 insulas
598 737 726 776 censerem
738 722 835 775 hchaeie
853 750 859 757 ·
922 734 928 751 '

56 802 121 852 esse,
135 797 221 840 auctor
235 805 314 841 essem
335 792 432 842 senatui
451 796 591 859 populoque
601 796 719 857 Romano,
728 799 758 844 ut
775 807 832 844 eam

55 873 100 911 vos
108 861 201 911 hahere
211 862 331 912 sinerent
348 863 463 912 Ceterum
472 863 539 913 sicut
547 865 708 922 testudinem.
722 863 768 914 uhi
778 865 832 914 coi-

54 929 122 980 iecta
135 930 163 980 in
171 944 245 980 suum
264 939 385 994 tegumen
395 939 440 989 est,
455 938 535 982 tutam
551 935 581 984 ad
592 948 678 984 omnes
686 934 751 984 ictus
761 933 832 984 tideo

56 1014 125 1060 esse;
140 1002 183 1052 uhi
200 1002 291 1051 exserit
313 1009 396 1065 partes
411 1003 515 1065 aliquas,
533 1004 706 1067 quodcumque
718 1003 832 1060 nudavit,

56 1071 191 1122 obnoxium
203 1079 277 1134 atque
285 1072 414 1122 infirmum
424 1074 516 1123 hahere
524 1087 532 1121 z
541 1073 610 1122 haud
619 1073 831 1132 dissimilitecvos,

55 1142 148 1200 Achnai,
156 1142 251 1191 clausos
261 1142 374 1205 undique
383 1142 457 1199 mari,
467 1155 524 1204 quae
534 1142 602 1191 intre
609 1142 769 1205 Peloponnesi
780 1144 832 1193 sint

55 1213 187 1271 terminos,
198 1227 227 1262 ea
242 1219 268 1261 et
273 1212 383 1274 jungere
393 1212 473 1270 tobis,
485 1219 510 1261 et
518 1212 605 1273 iuncta
619 1213 684 1262 tueri
697 1213 784 1272 facile3
794 1214 832 1263 si-

56 1284 111 1332 mul
129 1282 243 1332 aviditate
263 1283 337 1345 ptura
357 1283 522 1345 amplectendi
541 1282 600 1332 hinc
618 1284 749 1342 excedatis,
765 1285 833 1334 nuda

56 1353 127 1403 vohis
142 1353 226 1403 omnia
240 1367 297 1416 quae
310 1360 378 1403 extra
390 1354 452 1410 sint,
467 1359 492 1403 et
504 1353 613 1416 exposita
627 1354 658 1403 ad
670 1368 756 1405 omnes
767 1355 832 1406 ictus

57 1437 120 1474 ease.

246 1651 301 1698 nx
323 1651 461 1700 niuno
481 1632 646 1699 xx'xnn

409 1817 483 1867 CLXX

57 1921 114 1986 Cap.
133 1923 173 1972 19.
194 1922 280 1973 oratio
301 1921 419 1970 Eumenis
442 1921 472 1969 de
486 1936 551 1984 pace
567 1919 689 1971 Aietiocho
706 1936 755 1969 non
771 1936 833 1970 con-

223 1991 341 2039 cedenda.
357 1990 413 2054 (502
428 1991 466 2053 R„
480 1991 526 2040 190
540 2005 578 2039 av.
591 1992 603 2040 J
608 1991 668 2054 etl.)

80 2105 175 2143 Antiocho
184 2106 322 2153 Pergamenum
333 2112 401 2150 ugrum
411 2101 496 2140 vastanti
506 2107 526 2140 et
535 2102 598 2152 ipsam
608 2104 675 2140 urbem
685 2114 720 2153 per
729 2103 832 2142 Seieucnm

58 2149 122 2187 fliium
133 2149 250 2198 oppugnanti
260 2149 340 2185 nuntins
350 2149 434 2185 uii'entun
448 2147 547 2185 consulem
556 2149 662 2185 Romanum
675 2148 779 2185 tmnsitnm
790 2148 833 2184 tiel-

58 2194 144 2242 lesponti
154 2203 232 2241 parm-e.
242 2192 304 2239 igitur
314 2197 391 2240 tempus
401 2192 479 2230 venisse
488 2197 543 2229 ratus
559 2192 630 2241 egendi
639 2193 664 2241 de
673 2203 727 2241 pace.
736 2193 832 2230 caducea-

58 2242 122 2275 torem
143 2237 202 2274 mittit
220 2238 244 2274 ad
263 2237 357 2274 AEmilium
376 2237 595 2285 nepiltumpraetoren.
612 2236 832 2286 Einiiiiis.h211menea

57 2284 153 2328 Pergamo
167 2281 235 2325 necho.
250 2281 343 2318 adhibitis
353 2286 373 2318 et
386 2280 475 2327 Rhodiis,
489 2280 593 2318 consilium
606 2280 681 2318 hebuit
696 2280 765 2318 Rhodii
779 2280 832 2319 hund

58 2330 190 2375 aspernantur
199 2336 277 2375 paccm;
289 2326 324 2362 sed
335 2327 437 2363 Eumenes.

85 2414 114 2458 (ἕο
127 2414 183 2456 n'est
192 2426 230 2468 pes
239 2413 354 2456 l'occasion
365 2413 392 2456 de
403 2414 488 2455 traiter.
498 2434 524 2444 -
535 2412 563 2456 Le
573 2413 663 2469 protem
676 2413 726 2456 u'en
740 2426 752 2456 a
763 2425 802 2467 pas
810 2412 833 2455 le

58 2477 158 2533 pouvoie.
169 2500 195 2508 -
204 2476 232 2518 Lu
240 2476 288 2531 pain
303 2477 377 2517 aumit
391 2475 424 2518 les
438 2475 486 2530 pius
495 2487 572 2530 graves
583 2476 758 2519 inconveniente.
766 2473 832 2517 -Un

58 2551 116 2594 coup
125 2538 204 2582 decisis
212 2539 331 2580 terminera
341 2536 360 2579 lu
376 2549 455 2591 guerre
465 2537 519 2580 dans
530 2550 573 2579 une
583 2550 709 2592 compagae.

90 2647 138 2697 Nec
147 2649 280 2696 honestum
290 2660 353 2700 esse.
366 2642 439 2701 dicit,
450 2658 480 2693 eo
490 2649 602 2706 tempore
613 2645 644 2693 de
653 2659 713 2708 pece
722 2645 776 2707 κείς
787 2658 834 2694 nec

58 2719 154 2769 exitum
167 2717 204 2767 rei
217 2717 311 2779 imponi
321 2730 399 2779 posse.
413 2716 459 2772 Qui
469 2716 545 2772 enim,
561 2715 653 2779 inquit,
666 2724 709 2766 aut
720 2717 830 2774 honeste,

60 2788 150 2838 inclusi
161 2788 285 2836 moenihus
292 2795 317 2835 et
325 2785 419 2835 obsessi
426 2785 503 2843 vetut,
512 2786 581 2847 leges
589 2785 655 2847 pacis
665 2786 833 2850 accipiemus?

88 2915 161 2960 CLXX.
180 2915 208 2959 Cc
225 2916 324 2960 discours
341 2921 373 2959 cst
400 2913 518 2972 empruntd
536 2914 549 2959 d
566 2913 663 2972 Poiphe,
680 2913 744 2965 m,
773 2912 814 2954 ch.
824 2911 853 2952 ts.
