1904 3216
278 193 316 242 EX
332 193 425 242 tatltl
441 194 504 243 vita
519 193 675 247 aculcotd.
817 194 861 245 501

92 305 153 354 duce
166 319 269 354 exurere
286 306 415 362 coloniam,
431 322 571 370 expugnare
584 314 671 365 castra,
688 322 716 357 ac
733 307 782 357 nisi
804 308 864 358 teli·

92 375 153 424 citas
176 377 203 424 in
222 378 359 425 socordiam
378 380 500 434 vertisset,
526 394 617 428 exuere
635 380 725 440 jugum
750 385 863 442 potuere.

92 446 138 493 llos
153 447 244 507 integri
258 454 282 495 et
298 449 421 505 indomiti,
435 457 460 499 et
475 450 616 498 libertatem
628 463 677 497 non
690 449 716 497 in
732 450 864 511 praeseutia

90 516 166 564 laturi
176 517 219 578 (i),
228 518 309 579 primo
318 519 400 567 statim
407 533 542 580 congressu
552 531 602 567 non
620 519 786 574 ostendemus,
801 532 865 580 quos

91 586 138 634 sibi
149 587 278 636 Caledonia
293 589 359 638 viros
370 590 508 652 seposuerit
517 589 529 636 ‘l
538 590 572 638 ,ln
581 588 684 638 eandem
694 587 811 637 Romanis
835 587 863 637 in

90 656 153 705 bello
163 657 291 715 virtutem,
305 673 380 722 quarn
391 660 417 708 in
427 674 487 723 pace
501 660 627 708 lasciviam
639 659 724 707 adesse
735 657 838 708 creditis
849 657 861 706 l

121 725 213 775 Nostris
223 727 259 776 illi
269 728 464 779 dissensionibus
470 743 499 778 ac
508 728 643 778 discordiis
655 728 724 784 clari,
742 727 801 776 vitia
813 728 863 778 lio-

90 794 167 843 stium
179 795 203 843 in
219 796 325 857 gloriam
334 798 455 848 exereitus
469 799 864 861 suivertunt,quemcontractum

90 879 119 914 ex
131 866 308 917 diversissimis
319 869 436 931 gentibus
450 874 478 918 ut
490 870 603 918 secundae
617 883 658 918 res
670 874 763 927 tenent,
775 868 810 918 ita
824 868 864 918 ed-

90 937 327 996 aersaedissolvent3
340 938 423 987 nisisi
435 938 514 989 Gallos
530 945 555 988 et
575 939 711 989 Germanos
733 943 759 987 et
777 938 863 1001 (pudet

91 1004 159 1053 dictu
170 1005 185 1066 l)
200 1007 377 1057 Britannorum
387 1009 528 1071 pterosque,
541 1008 599 1058 licet
606 1006 770 1058 dominationi
778 1006 863 1056 alienae

92 1076 237 1137 sangninem
250 1080 414 1135 commodent.
431 1080 528 1130 diutius
539 1086 623 1129 tamen
636 1079 727 1136 hostes,
739 1078 787 1127 ilde
796 1078 863 1128 etal-

91 1145 159 1194 sectu
171 1148 251 1196 teneri
267 1150 368 1210 putatis.
383 1151 460 1199 ldetus
471 1155 496 1199 et
507 1156 589 1199 terror
603 1155 642 1199 est
657 1148 757 1197 infirma
765 1148 863 1203 vincula

91 1216 202 1265 caritatis
208 1219 331 1279 ;qua2ubi
340 1220 486 1277 removeris,
495 1219 541 1283 qui
550 1220 639 1269 timere
646 1217 774 1277 desierint,
781 1218 863 1268 odisse

91 1286 219 1348 incipient.
234 1288 321 1337 Omnia
333 1289 445 1339 victoriae
456 1290 616 1340 incitamenta
626 1302 673 1351 pro
684 1288 757 1338 nobis
772 1294 831 1338 sunt
854 1304 861 1335 :

90 1356 164 1404 nullae
172 1356 294 1407 Romanos
303 1358 421 1422 conjuges
429 1358 862 1422 accendunt3nulliparentesfugam

90 1428 264 1488 exprobraturi
273 1434 332 1478 sunt
349 1446 355 1476 :
369 1436 412 1479 aut
421 1432 489 1480 nulla
500 1430 627 1493 plerisque
646 1429 736 1493 patria,
756 1433 799 1478 aut
813 1427 862 1478 alia

90 1502 126 1545 est
134 1512 140 1553 ;
147 1511 357 1559 paucosnumero,
368 1501 478 1563 trepidos
488 1494 734 1563 ignorantia,coelum
745 1498 862 1562 ipsumac

91 1581 159 1616 mare
171 1574 196 1617 et
207 1569 290 1625 silvas,
303 1569 387 1632 ignota
400 1571 491 1627 omnia,
506 1571 749 1634 circumspectantes,
765 1570 861 1620 clausos

90 1639 269 1699 quodammodo
281 1655 310 1690 ac
321 1641 417 1690 vinctos
426 1642 462 1690 dii
475 1642 547 1690 nobis
557 1638 720 1690 tradiderunt.
728 1640 762 1690 lle
769 1645 862 1690 terreat

89 1722 167 1757 vanus
180 1715 294 1772 aspectus
305 1717 330 1759 et
339 1712 394 1760 auri
403 1712 487 1773 fulgor
496 1717 570 1773 atque
581 1709 688 1771 argenti,
704 1709 770 1771 quod
780 1722 861 1771 neque

90 1778 151 1839 tegit
163 1793 243 1842 neque
251 1782 372 1831 vulnerat.
386 1782 415 1830 ln
424 1781 477 1844 ipsa
501 1780 611 1830 hostiurn
633 1779 685 1828 acie
706 1778 861 1826 inveniemus

90 1854 298 1901 noso-asmanus:
313 1857 444 1913 agnoscent
452 1851 564 1900 Britanni
574 1861 767 1904 suamcausam;
780 1861 861 1897 recor

90 1920 216 1968 dabuntur
227 1920 287 1970 Galli
299 1923 410 1983 priorem
423 1923 577 1975 libertatem:
591 1920 705 1968 deserent
717 1917 774 1966 illos
784 1916 860 1965 ceteri

91 1988 215 2046 Germani,
225 1996 342 2052 tauquam
349 2006 431 2055 nuper
438 1990 555 2054 Usipiil8l
563 1990 728 2052 reliquerunt.
737 1985 861 2048 llecquid·

91 2074 165 2121 quam
182 2061 248 2110 ultra
262 2061 421 2110 formidinis:
439 2075 516 2110 vacua
528 2060 634 2115 castella,
647 2071 735 2107 senum
749 2055 859 2111 coloniae,

91 2132 157 2180 inter
168 2133 231 2180 male
243 2138 357 2195 parentes
368 2139 394 2182 et
405 2133 496 2194 injuste
508 2132 658 2192 imperantes
671 2141 738 2190 aegra
751 2126 862 2176 munici-

91 2201 132 2262 pia
144 2208 168 2251 et
178 2202 353 2251 discordantia.
364 2202 408 2252 llic
419 2204 477 2260 dux,
486 2200 690 2261 biceaercituslbl
699 2196 748 2247 :ibi
773 2200 859 2249 tributa

90 2356 112 2394 et
121 2350 148 2393 de
162 2351 250 2405 repetet·
262 2351 351 2394 allieurs
360 2364 403 2406 que
413 2350 462 2406 plu·
486 2374 514 2384 -
530 2350 550 2393 8.
572 2349 651 2404 Nuper
672 2345 755 2402 Usipic‘,
773 2357 819 2401 vop.
838 2344 860 2387 le

90 2414 348 2468 sieurspeuplesavaient
358 2415 402 2468 pris
411 2418 460 2467 port
487 2412 521 2455 cb.
543 2410 570 2454 28
587 2410 614 2453 de
636 2407 760 2463 l’tgricota.
782 2429 807 2439 -
832 2406 856 2450 9.

90 2472 101 2513 d
117 2471 137 2514 la
152 2472 234 2515 rivalte
247 2473 301 2515 dela
311 2473 373 2515 reine
381 2471 459 2514 nouat·
487 2472 592 2522 Hicduc,
603 2470 641 2514 bic
650 2468 771 2520 exercitus,
780 2473 857 2511 s.·ent.

88 2533 133 2578 eea.
145 2557 173 2565 -
188 2535 209 2576 l.
224 2533 364 2577 Libertatem
376 2546 422 2576 non
433 2534 459 2576 in
485 2534 642 2579 Romanorum
654 2534 695 2575 cst.
710 2529 747 2574 lbi
762 2541 818 2586 pour
829 2529 856 2573 iu

85 2596 211 2651 praesentia
233 2596 316 2647 loturi,
343 2596 458 2653 puisqu'ils
485 2593 854 2651 biclimuntltenleursperson·

86 2657 168 2700 etaient
184 2657 258 2710 libres,
278 2657 405 2713 tradisque
426 2658 458 2700 les
485 2671 524 2702 nes
532 2670 586 2702 vous
596 2670 647 2701 ave:
658 2656 795 2699 devantvous
804 2661 854 2697 tous

88 2720 243 2773 Trinobantes,
277 2721 310 2764 les
348 2720 459 2775 Brigantes
485 2721 517 2763 les
530 2714 857 2773 malbeursquiiondrontsur

87 2782 174 2823 avaient
188 2781 222 2825 tte
237 2783 328 2826 soumis.
343 2782 393 2837 (Sur
404 2781 460 2825 deux
486 2795 539 2826 vous
550 2797 555 2824 :
568 2794 622 2825 vous
640 2780 673 2823 les
691 2775 855 2833 repousserend

86 2843 243 2895 changements
259 2845 355 2888 detexta
368 2845 422 2888 dans
436 2844 458 2887 le
483 2843 704 2901 jamaisenderasant
718 2844 773 2884 cette
782 2834 856 2882 demde

86 2905 119 2948 eh.
132 2904 166 2957 52,
181 2917 227 2961 vop.
242 2919 294 2950 mon
306 2905 357 2949 edit.
370 2905 456 2962 pili.)
484 2906 511 2950 de
522 2906 636 2950 llomaiue·
