1904 3216
96 208 141 255 na
237 178 241 192 '
401 205 562 256 omrmnas

96 324 255 386 populatores
282 327 386 381 nostros,
411 335 493 382 mgna,
519 322 571 369 sine
592 321 677 382 signis,
704 324 797 383 palatos
818 338 867 384 quo

96 407 220 455 quemque
226 393 313 453 trahit,
328 392 515 455 quamtisvana,
527 392 616 454 praedae
627 405 690 453 spes.
704 392 867 441 Numidarum

53 458 55 461 ’
96 478 232 526 paucorum
245 462 283 511 illi
292 462 392 525 quidem
399 463 481 525 praeda
494 469 577 518 erunt,
590 461 780 524 praesidiumque
791 463 867 513 simul

95 535 168 584 nohis
177 539 202 582 et
211 533 276 582 Nolae
286 532 408 582 ademeris
415 548 422 589 3
434 532 455 581 si
464 533 545 590 modo,
557 545 619 593 quos
630 536 659 580 ut
670 533 749 581 socios
763 533 868 582 haberes

94 607 183 668 dignos
198 605 302 662 duxisti,
321 603 388 653 haud
404 604 520 665 indignos
534 603 647 665 iudicas,
665 616 727 666 quos
748 603 775 650 in
792 603 866 653 fidem

94 683 205 738 acceptos
220 674 322 723 tueariS.

455 831 502 882 ctt

234 956 289 1018 Cap.
301 956 341 1006 ta.
351 954 391 1006 Ad
400 969 430 1003 ca
439 912 570 1004 hannibal
578 952 708 1018 respondit
717 967 727 1003 .·

125 1076 214 1126 Omnia
224 1076 301 1125 simul
309 1076 392 1125 tacere
403 1074 520 1137 Hirpinos
531 1074 709 1136 Samnitesque,
719 1080 743 1124 et
755 1073 867 1125 indicare

93 1148 176 1199 clades
184 1160 241 1196 suas
256 1154 280 1196 et
299 1153 382 1208 petere
391 1144 535 1207 praesidium
549 1152 574 1193 et
591 1145 663 1206 queri
686 1145 827 1194 indefensos
839 1161 866 1196 se

94 1219 277 1280 neglectasque.
291 1215 452 1265 indicandum
467 1223 551 1264 autem
569 1214 681 1277 primum
703 1216 788 1275 tuisse,
809 1218 867 1266 driu

93 1289 229 1351 petendum
242 1285 388 1347 praesidium
406 1301 412 1332 ε
426 1291 559 1346 postremo,
568 1284 596 1332 ni
610 1284 795 1346 impetraretur,
813 1293 867 1335 tum

94 1358 201 1420 denique
207 1356 362 1419 querendum
371 1357 463 1404 trustra
472 1368 543 1417 opem
551 1355 584 1402 im
586 1355 718 1415 ploratum.
725 1356 866 1405 Exercitum

93 1442 149 1478 sese
158 1441 208 1476 non
222 1427 250 1474 in
269 1439 358 1487 agrum
375 1425 505 1487 Hirpinum
526 1425 700 1486 Samnitemve,
723 1439 755 1475 ne
768 1432 794 1475 et
813 1426 867 1487 ipse

93 1500 163 1549 oneri
175 1504 248 1556 esset,
258 1498 301 1547 sed
309 1497 337 1545 in
346 1497 458 1559 proxima
466 1498 519 1545 loca
529 1496 654 1545 sociorum
665 1497 751 1559 populi
759 1496 865 1546 Romani

93 1569 259 1620 adducturum
267 1584 273 1615 ι
281 1568 314 1616 iis
322 1567 469 1631 poputandis
477 1567 693 1616 etmilitemsuum
706 1567 863 1630 repleturum

93 1653 129 1699 se,
140 1645 166 1688 et
178 1645 248 1688 metu
260 1638 347 1701 procul
361 1639 391 1687 ab
404 1637 442 1685 his
453 1637 627 1685 submoturum
639 1638 734 1687 hostes.
748 1638 816 1695 Quod
834 1639 864 1686 ad

14 1744 17 1749 -
92 1709 187 1759 bellum
199 1710 337 1757 Romanum
352 1708 477 1763 attineret,
493 1707 514 1755 si
523 1707 660 1757 trasimeni
673 1721 748 1770 quam
760 1708 864 1768 Tcebiae,

92 1780 115 1830 si
129 1780 269 1830 Cannarum
282 1792 357 1843 quam
368 1777 506 1828 Trasimeni
513 1791 597 1840 pugna
602 1778 710 1828 nobilior
717 1785 794 1837 esset;
806 1780 865 1828 Cau-

92 1864 183 1899 narum
190 1863 288 1911 quoque
295 1850 471 1899 sememorium
478 1850 607 1899 obscuram
616 1849 710 1910 majore
724 1855 749 1898 et
759 1849 864 1898 clariore

91 1920 333 1972 victoriat‘acturum.

449 2073 508 2123 etti

93 2200 151 2263 Cap.
182 2199 223 2249 45.
260 2199 336 2248 Verba
355 2198 470 2249 Marcelli
488 2199 524 2247 ud
538 2214 597 2248 auor
615 2197 684 2248 circa
704 2199 795 2249 Nolam
814 2218 865 2266 prt-

421 2276 536 2335 quanter.

115 2394 214 2439 Hannibal,
220 2395 345 2484 grioreannc
353 2395 398 2432 Nota
408 2394 617 2448 uentrisusattarcettc.
627 2404 698 2432 rursus
708 2394 732 2446 ati
742 2405 784 2449 eam
792 2393 862 2434 urbem

92 2445 210 2491 accesserat.
227 2451 282 2493 'uum
291 2444 366 2490 partem
375 2448 474 2490 copiarum
484 2439 591 2490 praedatum
600 2449 621 2477 ru
635 2443 800 2504 agronlmrsrsaet,
809 2441 861 2491 taur-

93 2482 660 2573 trit:,tntutitt,tttt¹tt,itt¹tttttttnt⁰t
683 2488 859 2579 uiiffliiiii!

93 2574 147 2623 tium,
156 2572 225 2637 {unctu
234 2575 277 2612 anta
286 2581 353 2619 acaum
361 2572 401 2610 ritca
410 2569 680 2618 ccuntr,putsuprauracnu0
688 2572 770 2612 atficta.
781 2576 857 2609 instare

91 2615 149 2664 lubet

32 2756 35 2761 .
122 2709 175 2758 iton
183 2722 326 2758 omnesesse
334 2709 361 2757 iu
371 2708 424 2757 acie
434 2706 584 2768 mundantes
591 2707 676 2768 vagari
685 2706 712 2755 in
718 2720 793 2768 agro:
808 2708 860 2765 sed,

92 2779 136 2842 qui
144 2784 264 2841 pugnent,
280 2791 392 2827 marcere
411 2779 535 2839 Campana
556 2776 662 2834 luxuria,
678 2776 736 2825 rino
749 2784 775 2826 et
794 2781 860 2825 omni

92 2849 188 2899 iuxuria
201 2861 245 2912 per
256 2855 334 2897 totam
350 2847 457 2896 hiemem
471 2847 602 2896 contectos.
616 2847 698 2895 abisse
718 2847 788 2895 illum
811 2849 861 2896 vim

84 2917 261 2978 vigoremque:
271 2917 368 2981 dilapsa
376 2929 428 2967 esse
435 2916 525 2966 robora
531 2929 664 2980 carporum
671 2916 862 2979 animorumque
