<?xml version="1.0" encoding="UTF-8"?>
<!DOCTYPE html PUBLIC "-//W3C//DTD XHTML 1.0 Transitional//EN"
    "http://www.w3.org/TR/xhtml1/DTD/xhtml1-transitional.dtd">
<html xmlns="http://www.w3.org/1999/xhtml" xml:lang="en" lang="en">
 <head>
  <title>
</title>
<meta http-equiv="Content-Type" content="text/html;charset=utf-8" />
  <meta name='ocr-system' content='tesseract 3.04.00' />
  <meta name='ocr-capabilities' content='ocr_page ocr_carea ocr_par ocr_line ocrx_word'/>
</head>
<body>
  <div class='ocr_page' id='page_1' title='image "./concionessiveor00unkngoog_0551.png"; bbox 0 0 1904 3216; ppageno 0'>
   <div class='ocr_carea' id='block_1_1' title="bbox 96 189 574 251">
    <p class='ocr_par' dir='ltr' id='par_1_1' title="bbox 96 189 574 251">
     <span class='ocr_line' id='line_1_1' title="bbox 96 189 574 251; baseline -0.008 -2"><span class='ocrx_word' id='word_1_1' title='bbox 96 189 161 251; x_wconf 75' lang='lat' dir='ltr'>&#39;tto&#39;</span> <span class='ocrx_word' id='word_1_2' title='bbox 299 230 301 235; x_wconf 61' lang='lat'>&lt;</span> <span class='ocrx_word' id='word_1_3' title='bbox 407 193 574 248; x_wconf 72' lang='lat' dir='ltr'>&#39;ORATIONES</span> 
     </span>
    </p>
   </div>
   <div class='ocr_carea' id='block_1_2' title="bbox 105 307 887 1229">
    <p class='ocr_par' dir='ltr' id='par_1_2' title="bbox 105 307 887 1229">
     <span class='ocr_line' id='line_1_2' title="bbox 107 307 885 366; baseline -0.001 -10"><span class='ocrx_word' id='word_1_4' title='bbox 107 326 145 357; x_wconf 85' lang='lat' dir='ltr'>ves</span> <span class='ocrx_word' id='word_1_5' title='bbox 152 311 360 356; x_wconf 78' lang='lat' dir='ltr'>infranehissablest</span> <span class='ocrx_word' id='word_1_6' title='bbox 372 335 400 346; x_wconf 85' lang='lat'>-</span> <span class='ocrx_word' id='word_1_7' title='bbox 415 312 447 354; x_wconf 79' lang='lat' dir='ltr'>En</span> <span class='ocrx_word' id='word_1_8' title='bbox 457 318 577 366; x_wconf 82' lang='lat' dir='ltr'>supposnnt</span> <span class='ocrx_word' id='word_1_9' title='bbox 585 323 622 354; x_wconf 84' lang='lat' dir='ltr'>ees</span> <span class='ocrx_word' id='word_1_10' title='bbox 635 309 702 353; x_wconf 71' lang='lat' dir='ltr'>recito</span> <span class='ocrx_word' id='word_1_11' title='bbox 719 307 850 364; x_wconf 70' lang='lat' dir='ltr'>temtantes,</span> <span class='ocrx_word' id='word_1_12' title='bbox 862 311 885 355; x_wconf 76' lang='lat' dir='ltr'>la</span> 
     </span>
     <span class='ocr_line' id='line_1_3' title="bbox 107 371 886 431; baseline -0.004 -12"><span class='ocrx_word' id='word_1_13' title='bbox 107 375 187 419; x_wconf 75' lang='lat' dir='ltr'>detaite</span> <span class='ocrx_word' id='word_1_14' title='bbox 198 376 227 419; x_wconf 88' lang='lat' dir='ltr'>de</span> <span class='ocrx_word' id='word_1_15' title='bbox 237 376 303 419; x_wconf 77' lang='lat' dir='ltr'>Porus</span> <span class='ocrx_word' id='word_1_16' title='bbox 313 387 325 417; x_wconf 81' lang='lat' dir='ltr'>a</span> <span class='ocrx_word' id='word_1_17' title='bbox 338 374 420 431; x_wconf 74' lang='lat' dir='ltr'>prouve</span> <span class='ocrx_word' id='word_1_18' title='bbox 429 373 513 429; x_wconf 82' lang='lat' dir='ltr'>quoles</span> <span class='ocrx_word' id='word_1_19' title='bbox 522 373 635 429; x_wconf 78' lang='lat' dir='ltr'>elephants</span> <span class='ocrx_word' id='word_1_20' title='bbox 644 373 732 414; x_wconf 86' lang='lat' dir='ltr'>nuisent</span> <span class='ocrx_word' id='word_1_21' title='bbox 742 371 886 428; x_wconf 69' lang='lat' dir='ltr'>plustieurs</span> 
     </span>
     <span class='ocr_line' id='line_1_4' title="bbox 107 432 886 492; baseline -0.001 -12"><span class='ocrx_word' id='word_1_22' title='bbox 107 438 199 480; x_wconf 74' lang='lat' dir='ltr'>mettres</span> <span class='ocrx_word' id='word_1_23' title='bbox 206 436 256 492; x_wconf 78' lang='lat' dir='ltr'>qu&#39;t</span> <span class='ocrx_word' id='word_1_24' title='bbox 264 435 376 479; x_wconf 87' lang='lat' dir='ltr'>l&#39;ennemi.</span> <span class='ocrx_word' id='word_1_25' title='bbox 385 435 503 478; x_wconf 67' lang='lat' dir='ltr'>iterandae</span> <span class='ocrx_word' id='word_1_26' title='bbox 513 435 547 477; x_wconf 78' lang='lat' dir='ltr'>n&#39;a</span> <span class='ocrx_word' id='word_1_27' title='bbox 559 446 597 490; x_wconf 83' lang='lat' dir='ltr'>pes</span> <span class='ocrx_word' id='word_1_28' title='bbox 605 432 684 487; x_wconf 74' lang='lat' dir='ltr'>daigne</span> <span class='ocrx_word' id='word_1_29' title='bbox 694 433 740 476; x_wconf 83' lang='lat' dir='ltr'>s&#39;en</span> <span class='ocrx_word' id='word_1_30' title='bbox 748 434 829 477; x_wconf 79' lang='lat' dir='ltr'>servir.</span> <span class='ocrx_word' id='word_1_31' title='bbox 834 433 886 479; x_wconf 84' lang='lat' dir='ltr'>Une</span> 
     </span>
     <span class='ocr_line' id='line_1_5' title="bbox 107 493 885 554; baseline 0 -14"><span class='ocrx_word' id='word_1_32' title='bbox 107 493 885 554; x_wconf 66' lang='lat' dir='ltr'>fontodennemiseffregero-teueuuearmeeaceoutnmteadissiper</span> 
     </span>
     <span class='ocr_line' id='line_1_6' title="bbox 107 557 886 615; baseline 0 -12"><span class='ocrx_word' id='word_1_33' title='bbox 107 559 145 604; x_wconf 85' lang='lat' dir='ltr'>des</span> <span class='ocrx_word' id='word_1_34' title='bbox 153 560 283 605; x_wconf 83' lang='lat' dir='ltr'>multitudes</span> <span class='ocrx_word' id='word_1_35' title='bbox 289 563 299 604; x_wconf 87' lang='lat' dir='ltr'>t</span> <span class='ocrx_word' id='word_1_36' title='bbox 305 561 359 603; x_wconf 84' lang='lat' dir='ltr'>C’est</span> <span class='ocrx_word' id='word_1_37' title='bbox 366 560 417 603; x_wconf 88' lang='lat' dir='ltr'>bien</span> <span class='ocrx_word' id='word_1_38' title='bbox 426 559 474 602; x_wconf 84' lang='lat' dir='ltr'>tnrd</span> <span class='ocrx_word' id='word_1_39' title='bbox 483 563 581 612; x_wconf 83' lang='lat' dir='ltr'>compter</span> <span class='ocrx_word' id='word_1_40' title='bbox 587 571 621 601; x_wconf 86' lang='lat' dir='ltr'>ses</span> <span class='ocrx_word' id='word_1_41' title='bbox 627 557 771 610; x_wconf 75' lang='lat' dir='ltr'>adversantes,¹</span> <span class='ocrx_word' id='word_1_42' title='bbox 781 558 849 615; x_wconf 71' lang='lat' dir='ltr'>apres</span> <span class='ocrx_word' id='word_1_43' title='bbox 856 572 886 603; x_wconf 88' lang='lat' dir='ltr'>eu</span> 
     </span>
     <span class='ocr_line' id='line_1_7' title="bbox 107 618 886 676; baseline -0.001 -11"><span class='ocrx_word' id='word_1_44' title='bbox 107 623 168 666; x_wconf 81' lang='lat' dir='ltr'>avoir</span> <span class='ocrx_word' id='word_1_45' title='bbox 174 622 260 665; x_wconf 74' lang='lat' dir='ltr'>undanti</span> <span class='ocrx_word' id='word_1_46' title='bbox 270 634 298 664; x_wconf 91' lang='lat' dir='ltr'>ou</span> <span class='ocrx_word' id='word_1_47' title='bbox 307 620 377 676; x_wconf 81' lang='lat' dir='ltr'>gagne&#39;</span> <span class='ocrx_word' id='word_1_48' title='bbox 387 634 418 664; x_wconf 89' lang='lat' dir='ltr'>un</span> <span class='ocrx_word' id='word_1_49' title='bbox 427 621 446 664; x_wconf 89' lang='lat' dir='ltr'>si</span> <span class='ocrx_word' id='word_1_50' title='bbox 455 621 524 676; x_wconf 85' lang='lat' dir='ltr'>grand</span> <span class='ocrx_word' id='word_1_51' title='bbox 533 619 633 662; x_wconf 79' lang='lat' dir='ltr'>nonore:</span> <span class='ocrx_word' id='word_1_52' title='bbox 642 618 706 661; x_wconf 85' lang='lat' dir='ltr'>-Le</span> <span class='ocrx_word' id='word_1_53' title='bbox 718 620 752 662; x_wconf 88' lang='lat' dir='ltr'>roi</span> <span class='ocrx_word' id='word_1_54' title='bbox 759 631 788 663; x_wconf 86' lang='lat' dir='ltr'>ne</span> <span class='ocrx_word' id='word_1_55' title='bbox 798 627 852 664; x_wconf 84' lang='lat' dir='ltr'>veut</span> <span class='ocrx_word' id='word_1_56' title='bbox 861 633 886 665; x_wconf 90' lang='lat' dir='ltr'>se</span> 
     </span>
     <span class='ocr_line' id='line_1_8' title="bbox 107 681 886 741; baseline 0 -14"><span class='ocrx_word' id='word_1_57' title='bbox 107 684 148 727; x_wconf 87' lang='lat' dir='ltr'>tier</span> <span class='ocrx_word' id='word_1_58' title='bbox 156 685 235 741; x_wconf 82' lang='lat' dir='ltr'>qu&#39;eux</span> <span class='ocrx_word' id='word_1_59' title='bbox 246 683 403 726; x_wconf 74' lang='lat' dir='ltr'>Macedonicus.</span> <span class='ocrx_word' id='word_1_60' title='bbox 414 682 465 725; x_wconf 82' lang='lat' dir='ltr'>Pres</span> <span class='ocrx_word' id='word_1_61' title='bbox 476 682 582 725; x_wconf 83' lang='lat' dir='ltr'>d&#39;arrivet·</span> <span class='ocrx_word' id='word_1_62' title='bbox 592 681 755 724; x_wconf 85' lang='lat' dir='ltr'>auxlimitesde</span> <span class='ocrx_word' id='word_1_63' title='bbox 765 693 792 724; x_wconf 85' lang='lat' dir='ltr'>ee</span> <span class='ocrx_word' id='word_1_64' title='bbox 800 683 886 728; x_wconf 87' lang='lat' dir='ltr'>monde</span> 
     </span>
     <span class='ocr_line' id='line_1_9' title="bbox 107 742 886 800; baseline -0.003 -11"><span class='ocrx_word' id='word_1_65' title='bbox 107 747 171 800; x_wconf 77' lang='lat' dir='ltr'>qu&#39;ils</span> <span class='ocrx_word' id='word_1_66' title='bbox 185 752 225 788; x_wconf 92' lang='lat' dir='ltr'>ont</span> <span class='ocrx_word' id='word_1_67' title='bbox 237 757 346 799; x_wconf 83' lang='lat' dir='ltr'>pnreourn</span> <span class='ocrx_word' id='word_1_68' title='bbox 358 758 386 788; x_wconf 91' lang='lat' dir='ltr'>en</span> <span class='ocrx_word' id='word_1_69' title='bbox 395 745 537 798; x_wconf 79' lang='lat' dir='ltr'>vainqueurs.</span> <span class='ocrx_word' id='word_1_70' title='bbox 553 755 631 786; x_wconf 79' lang='lat' dir='ltr'><strong>encore</strong></span> <span class='ocrx_word' id='word_1_71' title='bbox 643 744 739 798; x_wconf 80' lang='lat' dir='ltr'>quelque</span> <span class='ocrx_word' id='word_1_72' title='bbox 750 742 837 787; x_wconf 76' lang='lat' dir='ltr'>butind</span> <span class='ocrx_word' id='word_1_73' title='bbox 848 756 886 787; x_wconf 92' lang='lat' dir='ltr'>re-</span> 
     </span>
     <span class='ocr_line' id='line_1_10' title="bbox 106 805 886 862; baseline -0.001 -11"><span class='ocrx_word' id='word_1_74' title='bbox 106 807 259 862; x_wconf 83' lang='lat' dir='ltr'>cueillir‚puis</span> <span class='ocrx_word' id='word_1_75' title='bbox 267 807 295 849; x_wconf 88' lang='lat' dir='ltr'>ils</span> <span class='ocrx_word' id='word_1_76' title='bbox 303 814 420 851; x_wconf 87' lang='lat' dir='ltr'>reverront</span> <span class='ocrx_word' id='word_1_77' title='bbox 429 805 479 849; x_wconf 87' lang='lat' dir='ltr'>leur</span> <span class='ocrx_word' id='word_1_78' title='bbox 492 806 571 861; x_wconf 84' lang='lat' dir='ltr'>patrie.</span> <span class='ocrx_word' id='word_1_79' title='bbox 580 805 698 849; x_wconf 78' lang='lat' dir='ltr'>Alexandre</span> <span class='ocrx_word' id='word_1_80' title='bbox 710 805 743 848; x_wconf 88' lang='lat' dir='ltr'>les</span> <span class='ocrx_word' id='word_1_81' title='bbox 756 807 848 861; x_wconf 88' lang='lat' dir='ltr'>suppiie</span> <span class='ocrx_word' id='word_1_82' title='bbox 856 807 886 850; x_wconf 85' lang='lat' dir='ltr'>de</span> 
     </span>
     <span class='ocr_line' id='line_1_11' title="bbox 107 866 885 925; baseline -0.003 -12"><span class='ocrx_word' id='word_1_83' title='bbox 107 883 135 913; x_wconf 88' lang='lat' dir='ltr'>ne</span> <span class='ocrx_word' id='word_1_84' title='bbox 143 883 182 925; x_wconf 82' lang='lat' dir='ltr'>pas</span> <span class='ocrx_word' id='word_1_85' title='bbox 189 867 355 912; x_wconf 84' lang='lat' dir='ltr'>l&#39;abandonner:</span> <span class='ocrx_word' id='word_1_86' title='bbox 366 868 419 924; x_wconf 90' lang='lat' dir='ltr'>qu&#39;il</span> <span class='ocrx_word' id='word_1_87' title='bbox 430 867 480 911; x_wconf 87' lang='lat' dir='ltr'>leur</span> <span class='ocrx_word' id='word_1_88' title='bbox 487 867 528 909; x_wconf 91' lang='lat' dir='ltr'>soit</span> <span class='ocrx_word' id='word_1_89' title='bbox 537 867 652 910; x_wconf 82' lang='lat' dir='ltr'>redevable</span> <span class='ocrx_word' id='word_1_90' title='bbox 664 866 746 909; x_wconf 87' lang='lat' dir='ltr'>d&#39;avoir</span> <span class='ocrx_word' id='word_1_91' title='bbox 755 866 820 921; x_wconf 78' lang='lat' dir='ltr'>egaie</span> <span class='ocrx_word' id='word_1_92' title='bbox 828 868 885 911; x_wconf 76' lang='lat' dir='ltr'>lier-</span> 
     </span>
     <span class='ocr_line' id='line_1_12' title="bbox 105 929 885 985; baseline -0.001 -10"><span class='ocrx_word' id='word_1_93' title='bbox 105 931 156 975; x_wconf 84' lang='lat' dir='ltr'>cule</span> <span class='ocrx_word' id='word_1_94' title='bbox 168 938 191 975; x_wconf 91' lang='lat' dir='ltr'>et</span> <span class='ocrx_word' id='word_1_95' title='bbox 203 929 307 975; x_wconf 80' lang='lat' dir='ltr'>Bacchus.</span> <span class='ocrx_word' id='word_1_96' title='bbox 316 929 531 973; x_wconf 79' lang='lat' dir='ltr'>-Toussetaisentz</span> <span class='ocrx_word' id='word_1_97' title='bbox 543 929 662 971; x_wconf 78' lang='lat' dir='ltr'>Alexandro</span> <span class='ocrx_word' id='word_1_98' title='bbox 670 930 823 972; x_wconf 85' lang='lat' dir='ltr'>nereoonnait</span> <span class='ocrx_word' id='word_1_99' title='bbox 831 930 885 985; x_wconf 80' lang='lat' dir='ltr'>pius</span> 
     </span>
     <span class='ocr_line' id='line_1_13' title="bbox 106 987 887 1046; baseline -0.008 -12"><span class='ocrx_word' id='word_1_100' title='bbox 106 1004 140 1034; x_wconf 90' lang='lat' dir='ltr'>ses</span> <span class='ocrx_word' id='word_1_101' title='bbox 151 992 242 1034; x_wconf 83' lang='lat' dir='ltr'>soldats.</span> <span class='ocrx_word' id='word_1_102' title='bbox 256 992 271 1032; x_wconf 82' lang='lat' dir='ltr'>it</span> <span class='ocrx_word' id='word_1_103' title='bbox 283 991 322 1046; x_wconf 91' lang='lat' dir='ltr'>qui</span> <span class='ocrx_word' id='word_1_104' title='bbox 334 989 502 1032; x_wconf 78' lang='lat' dir='ltr'>s&#39;adresse-t·ilt</span> <span class='ocrx_word' id='word_1_105' title='bbox 512 987 530 1030; x_wconf 90' lang='lat'>11</span> <span class='ocrx_word' id='word_1_106' title='bbox 540 996 574 1032; x_wconf 79' lang='lat' dir='ltr'>est</span> <span class='ocrx_word' id='word_1_107' title='bbox 581 989 629 1032; x_wconf 86' lang='lat' dir='ltr'>seul</span> <span class='ocrx_word' id='word_1_108' title='bbox 639 1002 645 1032; x_wconf 88' lang='lat'>:</span> <span class='ocrx_word' id='word_1_109' title='bbox 661 1001 688 1031; x_wconf 92' lang='lat' dir='ltr'>on</span> <span class='ocrx_word' id='word_1_110' title='bbox 697 988 718 1032; x_wconf 86' lang='lat' dir='ltr'>le</span> <span class='ocrx_word' id='word_1_111' title='bbox 725 988 780 1032; x_wconf 85' lang='lat' dir='ltr'>livre</span> <span class='ocrx_word' id='word_1_112' title='bbox 789 1002 835 1033; x_wconf 83' lang='lat' dir='ltr'>aux</span> <span class='ocrx_word' id='word_1_113' title='bbox 844 1003 887 1034; x_wconf 90' lang='lat' dir='ltr'>en.</span> 
     </span>
     <span class='ocr_line' id='line_1_14' title="bbox 105 1050 883 1106; baseline 0.003 -12"><span class='ocrx_word' id='word_1_114' title='bbox 105 1054 183 1096; x_wconf 87' lang='lat' dir='ltr'>nemis.</span> <span class='ocrx_word' id='word_1_115' title='bbox 190 1075 217 1084; x_wconf 90' lang='lat'>—</span> <span class='ocrx_word' id='word_1_116' title='bbox 225 1050 292 1102; x_wconf 78' lang='lat' dir='ltr'>Qu’tts</span> <span class='ocrx_word' id='word_1_117' title='bbox 299 1051 320 1094; x_wconf 87' lang='lat' dir='ltr'>le</span> <span class='ocrx_word' id='word_1_118' title='bbox 328 1051 448 1093; x_wconf 86' lang='lat' dir='ltr'>trahissent</span> <span class='ocrx_word' id='word_1_119' title='bbox 455 1050 520 1094; x_wconf 86' lang='lat' dir='ltr'>donc.</span> <span class='ocrx_word' id='word_1_120' title='bbox 528 1051 594 1099; x_wconf 76' lang='lat' dir='ltr'>Qu&#39;iIs</span> <span class='ocrx_word' id='word_1_121' title='bbox 604 1051 680 1093; x_wconf 88' lang='lat' dir='ltr'>ailient</span> <span class='ocrx_word' id='word_1_122' title='bbox 687 1051 741 1094; x_wconf 85' lang='lat' dir='ltr'>dans</span> <span class='ocrx_word' id='word_1_123' title='bbox 750 1050 802 1094; x_wconf 87' lang='lat' dir='ltr'>leur</span> <span class='ocrx_word' id='word_1_124' title='bbox 809 1054 883 1106; x_wconf 76' lang='lat' dir='ltr'>patrie</span> 
     </span>
     <span class='ocr_line' id='line_1_15' title="bbox 105 1111 885 1169; baseline 0.001 -12"><span class='ocrx_word' id='word_1_125' title='bbox 105 1115 225 1169; x_wconf 85' lang='lat' dir='ltr'>triompher</span> <span class='ocrx_word' id='word_1_126' title='bbox 232 1115 258 1157; x_wconf 87' lang='lat' dir='ltr'>de</span> <span class='ocrx_word' id='word_1_127' title='bbox 266 1114 317 1157; x_wconf 88' lang='lat' dir='ltr'>lem·</span> <span class='ocrx_word' id='word_1_128' title='bbox 324 1113 440 1156; x_wconf 78' lang='lat' dir='ltr'>desertion.</span> <span class='ocrx_word' id='word_1_129' title='bbox 451 1111 469 1154; x_wconf 86' lang='lat'>11</span> <span class='ocrx_word' id='word_1_130' title='bbox 477 1114 518 1164; x_wconf 81' lang='lat' dir='ltr'>ira,</span> <span class='ocrx_word' id='word_1_131' title='bbox 528 1112 586 1155; x_wconf 82' lang='lat' dir='ltr'>suivi</span> <span class='ocrx_word' id='word_1_132' title='bbox 594 1112 631 1154; x_wconf 92' lang='lat' dir='ltr'>des</span> <span class='ocrx_word' id='word_1_133' title='bbox 641 1112 729 1168; x_wconf 74' lang='lat' dir='ltr'>Scythes</span> <span class='ocrx_word' id='word_1_134' title='bbox 739 1118 763 1154; x_wconf 87' lang='lat' dir='ltr'>et</span> <span class='ocrx_word' id='word_1_135' title='bbox 774 1112 814 1156; x_wconf 82' lang='lat' dir='ltr'>des</span> <span class='ocrx_word' id='word_1_136' title='bbox 829 1113 885 1158; x_wconf 79' lang='lat' dir='ltr'>Bee-</span> 
     </span>
     <span class='ocr_line' id='line_1_16' title="bbox 106 1175 719 1229; baseline -0.01 -8"><span class='ocrx_word' id='word_1_137' title='bbox 106 1179 181 1229; x_wconf 87' lang='lat' dir='ltr'>triens,</span> <span class='ocrx_word' id='word_1_138' title='bbox 194 1176 300 1219; x_wconf 85' lang='lat' dir='ltr'>chercher</span> <span class='ocrx_word' id='word_1_139' title='bbox 311 1175 434 1221; x_wconf 70' lang='lat' dir='ltr'>larietoire</span> <span class='ocrx_word' id='word_1_140' title='bbox 443 1186 472 1218; x_wconf 91' lang='lat' dir='ltr'>ou</span> <span class='ocrx_word' id='word_1_141' title='bbox 483 1187 526 1217; x_wconf 90' lang='lat' dir='ltr'>une</span> <span class='ocrx_word' id='word_1_142' title='bbox 537 1181 596 1217; x_wconf 83' lang='lat' dir='ltr'>mort</span> <span class='ocrx_word' id='word_1_143' title='bbox 603 1175 719 1228; x_wconf 85' lang='lat' dir='ltr'>glorieuse.</span> 
     </span>
    </p>
   </div>
   <div class='ocr_carea' id='block_1_3' title="bbox 90 1294 882 1791">
    <p class='ocr_par' dir='ltr' id='par_1_3' title="bbox 90 1294 882 1791">
     <span class='ocr_line' id='line_1_17' title="bbox 90 1294 882 1373; baseline -0.001 -17"><span class='ocrx_word' id='word_1_144' title='bbox 90 1369 92 1373; x_wconf 16' lang='lat' dir='ltr'><em>r</em></span> <span class='ocrx_word' id='word_1_145' title='bbox 134 1307 298 1368; x_wconf 79' lang='lat' dir='ltr'>doniguem,</span> <span class='ocrx_word' id='word_1_146' title='bbox 316 1303 417 1361; x_wconf 82' lang='lat' dir='ltr'><strong>milites,</strong></span> <span class='ocrx_word' id='word_1_147' title='bbox 436 1304 515 1352; x_wconf 88' lang='lat' dir='ltr'>multa</span> <span class='ocrx_word' id='word_1_148' title='bbox 531 1317 588 1365; x_wconf 90' lang='lat' dir='ltr'>quae</span> <span class='ocrx_word' id='word_1_149' title='bbox 601 1294 697 1352; x_wconf 78' lang='lat' dir='ltr'>terrere</span> <span class='ocrx_word' id='word_1_150' title='bbox 709 1315 752 1352; x_wconf 84' lang='lat' dir='ltr'>vos</span> <span class='ocrx_word' id='word_1_151' title='bbox 766 1313 882 1365; x_wconf 85' lang='lat' dir='ltr'><strong>possent,</strong></span> 
     </span>
     <span class='ocr_line' id='line_1_18' title="bbox 106 1373 882 1437; baseline -0.001 -10"><span class='ocrx_word' id='word_1_152' title='bbox 106 1378 137 1428; x_wconf 85' lang='lat' dir='ltr'>ab</span> <span class='ocrx_word' id='word_1_153' title='bbox 143 1376 230 1427; x_wconf 85' lang='lat' dir='ltr'>ineolis</span> <span class='ocrx_word' id='word_1_154' title='bbox 236 1376 314 1424; x_wconf 90' lang='lat' dir='ltr'>indiae</span> <span class='ocrx_word' id='word_1_155' title='bbox 320 1388 366 1437; x_wconf 89' lang='lat' dir='ltr'>per</span> <span class='ocrx_word' id='word_1_156' title='bbox 372 1375 418 1423; x_wconf 93' lang='lat' dir='ltr'>hos</span> <span class='ocrx_word' id='word_1_157' title='bbox 427 1375 480 1423; x_wconf 90' lang='lat' dir='ltr'>dies</span> <span class='ocrx_word' id='word_1_158' title='bbox 487 1374 517 1423; x_wconf 91' lang='lat' dir='ltr'>de</span> <span class='ocrx_word' id='word_1_159' title='bbox 525 1374 646 1423; x_wconf 85' lang='lat' dir='ltr'>industria</span> <span class='ocrx_word' id='word_1_160' title='bbox 653 1387 705 1423; x_wconf 87' lang='lat' dir='ltr'>esse</span> <span class='ocrx_word' id='word_1_161' title='bbox 709 1373 820 1435; x_wconf 85' lang='lat' dir='ltr'>jactata:</span> <span class='ocrx_word' id='word_1_162' title='bbox 835 1377 882 1426; x_wconf 85' lang='lat' dir='ltr'>sed</span> 
     </span>
     <span class='ocr_line' id='line_1_19' title="bbox 104 1442 881 1508; baseline 0 -12"><span class='ocrx_word' id='word_1_163' title='bbox 104 1461 154 1496; x_wconf 93' lang='lat' dir='ltr'>non</span> <span class='ocrx_word' id='word_1_164' title='bbox 171 1449 208 1497; x_wconf 86' lang='lat' dir='ltr'>est</span> <span class='ocrx_word' id='word_1_165' title='bbox 222 1446 355 1508; x_wconf 85' lang='lat' dir='ltr'>improvisa</span> <span class='ocrx_word' id='word_1_166' title='bbox 369 1444 436 1493; x_wconf 83' lang='lat' dir='ltr'>vohis</span> <span class='ocrx_word' id='word_1_167' title='bbox 451 1444 628 1493; x_wconf 80' lang='lat' dir='ltr'>mentientium</span> <span class='ocrx_word' id='word_1_168' title='bbox 640 1443 747 1493; x_wconf 77' lang='lat' dir='ltr'>vanitas.</span> <span class='ocrx_word' id='word_1_169' title='bbox 761 1442 802 1494; x_wconf 87' lang='lat' dir='ltr'>Sic</span> <span class='ocrx_word' id='word_1_170' title='bbox 818 1445 881 1495; x_wconf 84' lang='lat' dir='ltr'>citi·</span> 
     </span>
     <span class='ocr_line' id='line_1_20' title="bbox 105 1514 882 1579; baseline -0.001 -12"><span class='ocrx_word' id='word_1_171' title='bbox 105 1518 250 1574; x_wconf 75' lang='lat' dir='ltr'>oiaeiauces</span> <span class='ocrx_word' id='word_1_172' title='bbox 267 1514 490 1577; x_wconf 85' lang='lat' dir='ltr'>sieiiesopotamiae</span> <span class='ocrx_word' id='word_1_173' title='bbox 504 1528 611 1577; x_wconf 89' lang='lat' dir='ltr'>campos,</span> <span class='ocrx_word' id='word_1_174' title='bbox 626 1514 720 1576; x_wconf 80' lang='lat' dir='ltr'>Tigrim</span> <span class='ocrx_word' id='word_1_175' title='bbox 727 1521 752 1565; x_wconf 90' lang='lat' dir='ltr'>et</span> <span class='ocrx_word' id='word_1_176' title='bbox 762 1515 882 1579; x_wconf 81' lang='lat' dir='ltr'>Euphra-</span> 
     </span>
     <span class='ocr_line' id='line_1_21' title="bbox 104 1584 879 1649; baseline 0.001 -12"><span class='ocrx_word' id='word_1_177' title='bbox 104 1596 156 1647; x_wconf 86' lang='lat' dir='ltr'>ten,</span> <span class='ocrx_word' id='word_1_178' title='bbox 171 1600 279 1648; x_wconf 91' lang='lat' dir='ltr'>quorum</span> <span class='ocrx_word' id='word_1_179' title='bbox 294 1585 401 1635; x_wconf 89' lang='lat' dir='ltr'>alterum</span> <span class='ocrx_word' id='word_1_180' title='bbox 418 1585 478 1633; x_wconf 89' lang='lat' dir='ltr'>vado</span> <span class='ocrx_word' id='word_1_181' title='bbox 492 1584 661 1642; x_wconf 83' lang='lat' dir='ltr'>transivimus,</span> <span class='ocrx_word' id='word_1_182' title='bbox 676 1586 783 1635; x_wconf 89' lang='lat' dir='ltr'>alterum</span> <span class='ocrx_word' id='word_1_183' title='bbox 790 1594 879 1649; x_wconf 82' lang='lat' dir='ltr'>ponte,</span> 
     </span>
     <span class='ocr_line' id='line_1_22' title="bbox 104 1653 880 1717; baseline -0.001 -10"><span class='ocrx_word' id='word_1_184' title='bbox 104 1655 240 1708; x_wconf 81' lang='lat' dir='ltr'>terribilem</span> <span class='ocrx_word' id='word_1_185' title='bbox 253 1655 363 1704; x_wconf 82' lang='lat' dir='ltr'>fecerant</span> <span class='ocrx_word' id='word_1_186' title='bbox 377 1655 467 1703; x_wconf 87' lang='lat' dir='ltr'>Persae.</span> <span class='ocrx_word' id='word_1_187' title='bbox 481 1653 611 1716; x_wconf 85' lang='lat' dir='ltr'>Nunquam</span> <span class='ocrx_word' id='word_1_188' title='bbox 627 1654 657 1702; x_wconf 89' lang='lat' dir='ltr'>ad</span> <span class='ocrx_word' id='word_1_189' title='bbox 673 1654 797 1717; x_wconf 90' lang='lat' dir='ltr'>liquidum</span> <span class='ocrx_word' id='word_1_190' title='bbox 810 1659 880 1708; x_wconf 83' lang='lat' dir='ltr'>fama</span> 
     </span>
     <span class='ocr_line' id='line_1_23' title="bbox 102 1724 881 1791; baseline 0.003 -14"><span class='ocrx_word' id='word_1_191' title='bbox 102 1728 262 1791; x_wconf 75' lang='lat' dir='ltr'>perducitur:</span> <span class='ocrx_word' id='word_1_192' title='bbox 274 1726 363 1783; x_wconf 89' lang='lat' dir='ltr'>omnia,</span> <span class='ocrx_word' id='word_1_193' title='bbox 371 1725 542 1783; x_wconf 83' lang='lat' dir='ltr'>itiatradente,</span> <span class='ocrx_word' id='word_1_194' title='bbox 551 1724 782 1786; x_wconf 83' lang='lat' dir='ltr'>inajorasuntvero.</span> <span class='ocrx_word' id='word_1_195' title='bbox 790 1727 881 1780; x_wconf 85' lang='lat' dir='ltr'>Nostra</span> 
     </span>
    </p>
   </div>
   <div class='ocr_carea' id='block_1_4' title="bbox 11 1793 879 1861">
    <p class='ocr_par' dir='ltr' id='par_1_4' title="bbox 11 1793 879 1861">
     <span class='ocr_line' id='line_1_24' title="bbox 11 1793 879 1861; baseline 0.002 -14"><span class='ocrx_word' id='word_1_196' title='bbox 11 1848 13 1852; x_wconf 76' lang='grc'>,</span> <span class='ocrx_word' id='word_1_197' title='bbox 104 1797 202 1861; x_wconf 87' lang='lat' dir='ltr'>quoque</span> <span class='ocrx_word' id='word_1_198' title='bbox 218 1797 305 1858; x_wconf 86' lang='lat' dir='ltr'>gloria,</span> <span class='ocrx_word' id='word_1_199' title='bbox 315 1809 393 1857; x_wconf 89' lang='lat' dir='ltr'>quum</span> <span class='ocrx_word' id='word_1_200' title='bbox 408 1793 441 1843; x_wconf 86' lang='lat' dir='ltr'>sit</span> <span class='ocrx_word' id='word_1_201' title='bbox 455 1807 485 1842; x_wconf 85' lang='lat' dir='ltr'>ex</span> <span class='ocrx_word' id='word_1_202' title='bbox 498 1794 576 1843; x_wconf 84' lang='lat' dir='ltr'>solido</span> <span class='ocrx_word' id='word_1_203' title='bbox 583 1795 626 1859; x_wconf 78' lang='lat' dir='ltr'>(t),</span> <span class='ocrx_word' id='word_1_204' title='bbox 642 1796 879 1857; x_wconf 86' lang='lat' dir='ltr'>plustamenhahet</span> 
     </span>
    </p>
   </div>
   <div class='ocr_carea' id='block_1_5' title="bbox 100 1863 879 2709">
    <p class='ocr_par' dir='ltr' id='par_1_5' title="bbox 100 1863 879 2709">
     <span class='ocr_line' id='line_1_25' title="bbox 103 1863 878 1928; baseline 0.004 -13"><span class='ocrx_word' id='word_1_205' title='bbox 103 1866 209 1916; x_wconf 90' lang='lat' dir='ltr'>nominis</span> <span class='ocrx_word' id='word_1_206' title='bbox 223 1880 299 1928; x_wconf 92' lang='lat' dir='ltr'>quam</span> <span class='ocrx_word' id='word_1_207' title='bbox 308 1865 398 1924; x_wconf 85' lang='lat' dir='ltr'>operis.</span> <span class='ocrx_word' id='word_1_208' title='bbox 413 1863 481 1913; x_wconf 84' lang='lat' dir='ltr'>Modo</span> <span class='ocrx_word' id='word_1_209' title='bbox 493 1865 551 1925; x_wconf 89' lang='lat' dir='ltr'>quis</span> <span class='ocrx_word' id='word_1_210' title='bbox 561 1865 656 1916; x_wconf 86' lang='lat' dir='ltr'>belluas</span> <span class='ocrx_word' id='word_1_211' title='bbox 664 1866 800 1916; x_wconf 86' lang='lat' dir='ltr'>offerentes</span> <span class='ocrx_word' id='word_1_212' title='bbox 812 1883 878 1919; x_wconf 86' lang='lat' dir='ltr'>moe-</span> 
     </span>
     <span class='ocr_line' id='line_1_26' title="bbox 102 1935 879 1999; baseline 0.006 -14"><span class='ocrx_word' id='word_1_213' title='bbox 102 1938 174 1986; x_wconf 91' lang='lat' dir='ltr'>nium</span> <span class='ocrx_word' id='word_1_214' title='bbox 182 1936 298 1999; x_wconf 88' lang='lat' dir='ltr'>speciem,</span> <span class='ocrx_word' id='word_1_215' title='bbox 309 1937 366 1998; x_wconf 91' lang='lat' dir='ltr'>quis</span> <span class='ocrx_word' id='word_1_216' title='bbox 375 1935 501 1996; x_wconf 72' lang='lat' dir='ltr'>Hydaspen</span> <span class='ocrx_word' id='word_1_217' title='bbox 509 1949 614 1992; x_wconf 88' lang='lat' dir='ltr'>amnem,</span> <span class='ocrx_word' id='word_1_218' title='bbox 627 1936 683 1998; x_wconf 93' lang='lat' dir='ltr'>quis</span> <span class='ocrx_word' id='word_1_219' title='bbox 694 1943 776 1986; x_wconf 87' lang='lat' dir='ltr'>cetera</span> <span class='ocrx_word' id='word_1_220' title='bbox 786 1941 879 1991; x_wconf 86' lang='lat' dir='ltr'>auditu</span> 
     </span>
     <span class='ocr_line' id='line_1_27' title="bbox 103 2006 879 2070; baseline 0.005 -13"><span class='ocrx_word' id='word_1_221' title='bbox 103 2009 196 2070; x_wconf 86' lang='lat' dir='ltr'>majora</span> <span class='ocrx_word' id='word_1_222' title='bbox 209 2021 286 2069; x_wconf 88' lang='lat' dir='ltr'>quam</span> <span class='ocrx_word' id='word_1_223' title='bbox 299 2020 367 2064; x_wconf 84' lang='lat' dir='ltr'>vero,</span> <span class='ocrx_word' id='word_1_224' title='bbox 379 2006 503 2055; x_wconf 90' lang='lat' dir='ltr'>sustinere</span> <span class='ocrx_word' id='word_1_225' title='bbox 510 2021 581 2067; x_wconf 89' lang='lat' dir='ltr'>posse</span> <span class='ocrx_word' id='word_1_226' title='bbox 590 2008 723 2058; x_wconf 74' lang='lat' dir='ltr'>credebat?</span> <span class='ocrx_word' id='word_1_227' title='bbox 733 2011 808 2068; x_wconf 80' lang='lat' dir='ltr'>Olim,</span> <span class='ocrx_word' id='word_1_228' title='bbox 817 2011 879 2061; x_wconf 89' lang='lat' dir='ltr'>her-</span> 
     </span>
     <span class='ocr_line' id='line_1_28' title="bbox 103 2076 878 2140; baseline 0.003 -13"><span class='ocrx_word' id='word_1_229' title='bbox 103 2079 167 2133; x_wconf 84' lang='lat' dir='ltr'>cule,</span> <span class='ocrx_word' id='word_1_230' title='bbox 176 2078 325 2138; x_wconf 82' lang='lat' dir='ltr'>fugissemus</span> <span class='ocrx_word' id='word_1_231' title='bbox 338 2090 367 2124; x_wconf 84' lang='lat' dir='ltr'>ex</span> <span class='ocrx_word' id='word_1_232' title='bbox 378 2076 441 2131; x_wconf 76' lang='lat' dir='ltr'>Asia,</span> <span class='ocrx_word' id='word_1_233' title='bbox 454 2076 532 2124; x_wconf 89' lang='lat' dir='ltr'>sinos</span> <span class='ocrx_word' id='word_1_234' title='bbox 545 2077 632 2126; x_wconf 84' lang='lat' dir='ltr'>fabulae</span> <span class='ocrx_word' id='word_1_235' title='bbox 639 2077 766 2128; x_wconf 81' lang='lat' dir='ltr'>debellare</span> <span class='ocrx_word' id='word_1_236' title='bbox 776 2081 878 2140; x_wconf 88' lang='lat' dir='ltr'>potuis-</span> 
     </span>
     <span class='ocr_line' id='line_1_29' title="bbox 101 2146 878 2212; baseline 0.003 -15"><span class='ocrx_word' id='word_1_237' title='bbox 101 2155 156 2198; x_wconf 87' lang='lat' dir='ltr'>sent</span> <span class='ocrx_word' id='word_1_238' title='bbox 163 2147 174 2195; x_wconf 73' lang='lat'><strong>?</strong></span> <span class='ocrx_word' id='word_1_239' title='bbox 182 2147 319 2196; x_wconf 86' lang='lat' dir='ltr'>Creditisne</span> <span class='ocrx_word' id='word_1_240' title='bbox 328 2146 515 2208; x_wconf 84' lang='lat' dir='ltr'>elephantorum</span> <span class='ocrx_word' id='word_1_241' title='bbox 526 2160 614 2208; x_wconf 79' lang='lat' dir='ltr'>greges</span> <span class='ocrx_word' id='word_1_242' title='bbox 623 2150 728 2210; x_wconf 86' lang='lat' dir='ltr'>majores</span> <span class='ocrx_word' id='word_1_243' title='bbox 736 2162 790 2197; x_wconf 87' lang='lat' dir='ltr'>esse</span> <span class='ocrx_word' id='word_1_244' title='bbox 800 2163 878 2212; x_wconf 82' lang='lat' dir='ltr'>quam</span> 
     </span>
     <span class='ocr_line' id='line_1_30' title="bbox 101 2217 878 2279; baseline 0.005 -12"><span class='ocrx_word' id='word_1_245' title='bbox 101 2231 207 2279; x_wconf 89' lang='lat' dir='ltr'>usquam</span> <span class='ocrx_word' id='word_1_246' title='bbox 215 2217 549 2278; x_wconf 78' lang='lat' dir='ltr'>armentorumsunt‘tquum</span> <span class='ocrx_word' id='word_1_247' title='bbox 557 2227 582 2266; x_wconf 90' lang='lat' dir='ltr'>et</span> <span class='ocrx_word' id='word_1_248' title='bbox 589 2218 822 2277; x_wconf 84' lang='lat' dir='ltr'>rarumsitanimal,</span> <span class='ocrx_word' id='word_1_249' title='bbox 831 2235 878 2271; x_wconf 89' lang='lat' dir='ltr'>nec</span> 
     </span>
     <span class='ocr_line' id='line_1_31' title="bbox 101 2286 879 2352; baseline 0.006 -16"><span class='ocrx_word' id='word_1_250' title='bbox 101 2289 172 2338; x_wconf 81' lang='lat' dir='ltr'>facile</span> <span class='ocrx_word' id='word_1_251' title='bbox 187 2289 306 2349; x_wconf 86' lang='lat' dir='ltr'>capiatur,</span> <span class='ocrx_word' id='word_1_252' title='bbox 320 2288 449 2346; x_wconf 89' lang='lat' dir='ltr'>multoque</span> <span class='ocrx_word' id='word_1_253' title='bbox 459 2287 586 2336; x_wconf 75' lang='lat' dir='ltr'>difficilius</span> <span class='ocrx_word' id='word_1_254' title='bbox 599 2289 737 2351; x_wconf 85' lang='lat' dir='ltr'>mitigetur.</span> <span class='ocrx_word' id='word_1_255' title='bbox 747 2286 823 2352; x_wconf 77' lang='lat' dir='ltr'>Atqui</span> <span class='ocrx_word' id='word_1_256' title='bbox 832 2305 879 2341; x_wconf 86' lang='lat' dir='ltr'>ea·</span> 
     </span>
     <span class='ocr_line' id='line_1_32' title="bbox 101 2357 875 2420; baseline 0.005 -12"><span class='ocrx_word' id='word_1_257' title='bbox 101 2360 157 2408; x_wconf 91' lang='lat' dir='ltr'>dem</span> <span class='ocrx_word' id='word_1_258' title='bbox 169 2357 264 2406; x_wconf 88' lang='lat' dir='ltr'>vanitas</span> <span class='ocrx_word' id='word_1_259' title='bbox 271 2358 353 2417; x_wconf 85' lang='lat' dir='ltr'>copias</span> <span class='ocrx_word' id='word_1_260' title='bbox 361 2357 472 2418; x_wconf 85' lang='lat' dir='ltr'>pediturn</span> <span class='ocrx_word' id='word_1_261' title='bbox 479 2359 640 2420; x_wconf 85' lang='lat' dir='ltr'>equitumque</span> <span class='ocrx_word' id='word_1_262' title='bbox 651 2359 875 2412; x_wconf 73' lang='lat' dir='ltr'>numerationem</span> 
     </span>
     <span class='ocr_line' id='line_1_33' title="bbox 100 2427 876 2496; baseline -0.001 -19"><span class='ocrx_word' id='word_1_263' title='bbox 100 2427 876 2496; x_wconf 74' lang='lat' dir='ltr'>flumen,quolatiust&#39;usumesthoeplacidiusstagnat:quippe</span> 
     </span>
     <span class='ocr_line' id='line_1_34' title="bbox 102 2498 873 2568; baseline 0.008 -20"><span class='ocrx_word' id='word_1_264' title='bbox 102 2501 210 2562; x_wconf 90' lang='lat' dir='ltr'>angustis</span> <span class='ocrx_word' id='word_1_265' title='bbox 217 2498 278 2562; x_wconf 92' lang='lat' dir='ltr'>ripis</span> <span class='ocrx_word' id='word_1_266' title='bbox 285 2499 391 2547; x_wconf 83' lang='lat' dir='ltr'>coercita</span> <span class='ocrx_word' id='word_1_267' title='bbox 397 2504 422 2546; x_wconf 91' lang='lat' dir='ltr'>et</span> <span class='ocrx_word' id='word_1_268' title='bbox 434 2499 461 2547; x_wconf 92' lang='lat' dir='ltr'>in</span> <span class='ocrx_word' id='word_1_269' title='bbox 468 2502 638 2562; x_wconf 77' lang='lat' dir='ltr'>angustiorem</span> <span class='ocrx_word' id='word_1_270' title='bbox 647 2501 744 2550; x_wconf 84' lang='lat' dir='ltr'>alveum</span> <span class='ocrx_word' id='word_1_271' title='bbox 753 2501 816 2553; x_wconf 89' lang='lat' dir='ltr'>elisa</span> <span class='ocrx_word' id='word_1_272' title='bbox 826 2504 873 2568; x_wconf 70' lang='lat'>(2),</span> 
     </span>
     <span class='ocr_line' id='line_1_35' title="bbox 100 2569 876 2634; baseline 0.008 -15"><span class='ocrx_word' id='word_1_273' title='bbox 100 2576 223 2619; x_wconf 85' lang='lat' dir='ltr'>torrentes</span> <span class='ocrx_word' id='word_1_274' title='bbox 231 2569 446 2632; x_wconf 85' lang='lat' dir='ltr'>aquasinvehunt;</span> <span class='ocrx_word' id='word_1_275' title='bbox 457 2578 544 2619; x_wconf 85' lang='lat' dir='ltr'>contra</span> <span class='ocrx_word' id='word_1_276' title='bbox 550 2571 628 2632; x_wconf 84' lang='lat' dir='ltr'>spatio</span> <span class='ocrx_word' id='word_1_277' title='bbox 635 2571 696 2620; x_wconf 87' lang='lat' dir='ltr'>alvei</span> <span class='ocrx_word' id='word_1_278' title='bbox 703 2572 808 2634; x_wconf 87' lang='lat' dir='ltr'>segnior</span> <span class='ocrx_word' id='word_1_279' title='bbox 816 2589 876 2625; x_wconf 86' lang='lat' dir='ltr'>our-</span> 
     </span>
     <span class='ocr_line' id='line_1_36' title="bbox 100 2638 877 2709; baseline 0.006 -20"><span class='ocrx_word' id='word_1_280' title='bbox 100 2654 143 2690; x_wconf 91' lang='lat' dir='ltr'>sus</span> <span class='ocrx_word' id='word_1_281' title='bbox 152 2647 197 2690; x_wconf 87' lang='lat' dir='ltr'>est.</span> <span class='ocrx_word' id='word_1_282' title='bbox 213 2642 335 2689; x_wconf 84' lang='lat' dir='ltr'>Praeterea</span> <span class='ocrx_word' id='word_1_283' title='bbox 346 2639 374 2687; x_wconf 92' lang='lat' dir='ltr'>in</span> <span class='ocrx_word' id='word_1_284' title='bbox 387 2638 443 2701; x_wconf 87' lang='lat' dir='ltr'>ripa</span> <span class='ocrx_word' id='word_1_285' title='bbox 450 2652 524 2689; x_wconf 91' lang='lat' dir='ltr'>omne</span> <span class='ocrx_word' id='word_1_286' title='bbox 531 2641 670 2704; x_wconf 88' lang='lat' dir='ltr'>perieulum</span> <span class='ocrx_word' id='word_1_287' title='bbox 685 2648 730 2702; x_wconf 88' lang='lat' dir='ltr'>est,</span> <span class='ocrx_word' id='word_1_288' title='bbox 739 2641 877 2709; x_wconf 84' lang='lat' dir='ltr'>ubiappii-</span> 
     </span>
    </p>
   </div>
   <div class='ocr_carea' id='block_1_6' title="bbox 100 2712 877 2778">
    <p class='ocr_par' dir='ltr' id='par_1_6' title="bbox 100 2712 877 2778">
     <span class='ocr_line' id='line_1_37' title="bbox 100 2712 877 2778; baseline 0.005 -13"><span class='ocrx_word' id='word_1_289' title='bbox 100 2723 184 2766; x_wconf 87' lang='lat' dir='ltr'>cantes</span> <span class='ocrx_word' id='word_1_290' title='bbox 196 2715 292 2777; x_wconf 84' lang='lat' dir='ltr'>navigia</span> <span class='ocrx_word' id='word_1_291' title='bbox 306 2712 384 2762; x_wconf 88' lang='lat' dir='ltr'>hostis</span> <span class='ocrx_word' id='word_1_292' title='bbox 396 2720 529 2775; x_wconf 84' lang='lat' dir='ltr'>exspectat.</span> <span class='ocrx_word' id='word_1_293' title='bbox 547 2715 581 2764; x_wconf 87' lang='lat' dir='ltr'>ita</span> <span class='ocrx_word' id='word_1_294' title='bbox 594 2723 817 2778; x_wconf 87' lang='lat' dir='ltr'>quantumcunque</span> <span class='ocrx_word' id='word_1_295' title='bbox 827 2718 877 2770; x_wconf 82' lang='lat' dir='ltr'>du·</span> 
     </span>
    </p>
   </div>
   <div class='ocr_carea' id='block_1_7' title="bbox 85 2852 878 2980">
    <p class='ocr_par' dir='ltr' id='par_1_7' title="bbox 85 2852 878 2980">
     <span class='ocr_line' id='line_1_38' title="bbox 120 2852 838 2911; baseline 0.006 -11"><span class='ocrx_word' id='word_1_296' title='bbox 120 2856 190 2903; x_wconf 77' lang='lat' dir='ltr'>xxvi.</span> <span class='ocrx_word' id='word_1_297' title='bbox 213 2858 233 2902; x_wconf 84' lang='grc'>1.</span> <span class='ocrx_word' id='word_1_298' title='bbox 263 2855 296 2899; x_wconf 76' lang='lat' dir='ltr'>Ee</span> <span class='ocrx_word' id='word_1_299' title='bbox 324 2852 398 2897; x_wconf 84' lang='lat' dir='ltr'>solido</span> <span class='ocrx_word' id='word_1_300' title='bbox 415 2865 472 2910; x_wconf 84' lang='lat' dir='ltr'>pour</span> <span class='ocrx_word' id='word_1_301' title='bbox 498 2858 563 2899; x_wconf 72' lang='lat' dir='ltr'>sueto</span> <span class='ocrx_word' id='word_1_302' title='bbox 579 2867 635 2910; x_wconf 83' lang='lat' dir='ltr'>pom·</span> <span class='ocrx_word' id='word_1_303' title='bbox 652 2860 838 2911; x_wconf 68' lang='lat' dir='ltr'>consuetoqete.</span> 
     </span>
     <span class='ocr_line' id='line_1_39' title="bbox 85 2915 878 2980; baseline -0.01 -8"><span class='ocrx_word' id='word_1_304' title='bbox 85 2924 278 2980; x_wconf 63' lang='lat' dir='ltr'>condemnate</span> <span class='ocrx_word' id='word_1_305' title='bbox 295 2920 367 2966; x_wconf 87' lang='lat' dir='ltr'>ondit</span> <span class='ocrx_word' id='word_1_306' title='bbox 382 2931 411 2963; x_wconf 74' lang='lat' dir='ltr'>ex</span> <span class='ocrx_word' id='word_1_307' title='bbox 425 2931 476 2964; x_wconf 85' lang='lat' dir='ltr'>con·</span> <span class='ocrx_word' id='word_1_308' title='bbox 500 2916 524 2960; x_wconf 82' lang='lat' dir='ltr'>t.</span> <span class='ocrx_word' id='word_1_309' title='bbox 537 2915 628 2960; x_wconf 77' lang='lat' dir='ltr'>Eiidem</span> <span class='ocrx_word' id='word_1_310' title='bbox 639 2917 786 2972; x_wconf 61' lang='lat' dir='ltr'>&lt;proprement</span> <span class='ocrx_word' id='word_1_311' title='bbox 801 2920 878 2969; x_wconf 73' lang='lat' dir='ltr'>etnu-</span> 
     </span>
    </p>
   </div>
   <div class='ocr_carea' id='block_1_8' title="bbox 0 0 956 3216">
    <p class='ocr_par' dir='ltr' id='par_1_8' title="bbox 0 0 956 3216">
     <span class='ocr_line' id='line_1_40' title="bbox 0 0 956 3216; baseline 0 2"><span class='ocrx_word' id='word_1_312' title='bbox 0 0 956 3216; x_wconf 95' lang='lat' dir='ltr'> </span> 
     </span>
    </p>
   </div>
  </div>
 </body>
</html>
