1904 3216
303 197 341 246 EX
357 198 424 246 bivii
442 196 528 247 aluno
544 190 643 247 XXXIV.
814 197 863 248 243

88 318 133 354 nos
145 304 210 355 illas.
221 306 324 366 Infesta,
336 307 397 355 mihi
412 305 515 364 credite,
526 307 597 370 signa
610 308 640 357 ab
650 304 778 370 Syracusis
791 308 860 357 illata

87 382 145 424 sunt
160 376 210 439 (io)
225 377 285 425 huic
294 378 360 425 urbi.
372 378 426 426 iam
438 378 513 426 nimis
521 379 614 428 multos
628 378 702 428 audio
711 379 821 428 Corinthi
836 385 861 429 et

87 447 238 495 Athenarum
246 455 391 496 ornamenta
399 447 528 497 laudantes
537 447 747 511 mirantesque,ct
755 449 861 497 antefixa

87 516 171 564 fictilia
185 516 233 578 (ii)
250 518 353 567 deorum
363 519 531 568 Romanorum
544 516 665 568 ridentes.
676 519 727 582 Ego
736 518 782 568 bos
794 519 861 568 malo

87 586 210 648 propitios
222 588 292 645 deos;
309 596 335 637 et
351 591 383 637 ita
404 601 478 650 spero
492 589 599 647 futuros,
614 589 675 638 siin
690 590 741 639 suis
756 601 860 639 manere

88 658 186 706 sedibus
200 657 333 719 patiemur.
340 658 442 706 Petrum
455 664 598 709 nostrorum
609 659 731 709 memoria
739 673 785 722 per
793 661 860 723 lega·

89 735 143 776 tum
156 727 257 777 (lineam
270 729 387 792 Pyrrhus,
393 743 443 778 non
456 729 569 780 virorum
578 732 658 791 modo,
667 732 711 782 sed
721 733 861 783 etiammu-

89 797 180 847 lierum
197 799 292 848 animos
310 801 384 850 donis
403 801 515 850 tentavit.
536 801 650 851 Nondum
669 802 709 852 iex
731 802 808 866 Oppia
828 801 861 852 ad

90 869 251 918 coercendam
264 870 384 921 luxuriam
399 872 546 921 muliebrem
556 873 603 922 lata
613 881 667 922 erat
678 891 683 920 :
696 881 779 923 tamen
791 873 861 923 nulla

90 939 192 1003 accepit.
206 940 283 996 Quam
297 955 395 990 causam
412 942 489 991 inisse
503 943 625 992 censetis?
635 943 724 993 Eadem
736 944 791 1002 ibit,
803 955 859 1005 quae

89 1009 224 1072 majoribus
239 1011 332 1062 nostris
344 1013 407 1061 nibil
423 1013 513 1062 dehac
526 1027 555 1063 re
566 1017 622 1076 iege
632 1014 771 1064 sanciundi.
789 1015 861 1063 b'ulla

89 1080 259 1139 matimonio,
269 1096 325 1144 quae
337 1088 504 1132 coerceretur.
512 1082 579 1132 Sicut
587 1089 645 1131 ante
652 1084 751 1132 morbos
762 1092 861 1130 necesse

88 1156 126 1198 est
141 1154 254 1212 cognitos
269 1165 409 1215 essequam
423 1152 535 1202 remedia
548 1166 648 1202 eorum:
663 1153 700 1202 sic
714 1152 862 1214 cupiditates

88 1219 160 1280 prius
173 1226 237 1269 nntae
255 1230 315 1283 sunt
330 1236 405 1284 quam
422 1224 491 1285 leges
508 1237 565 1285 quae
586 1223 618 1272 iis
631 1222 859 1272 modumfacerent.

89 1289 860 1357 QuidlegemLiciniamiiiiexcitaritdequingentisJ'ugeribus,

89 1360 139 1410 nisi
155 1361 244 1423 ingens
256 1365 345 1426 cupido
359 1378 433 1426 agros
448 1362 627 1413 continuandi?
636 1363 699 1419 Quid
712 1364 792 1426 legem
805 1361 862 1411 Cin·

88 1431 153 1481 ciam
163 1432 212 1495 (ts)
221 1433 251 1481 de
260 1434 332 1483 donis
340 1442 365 1483 et
379 1435 534 1491 muneribus,
541 1434 592 1484 nisi
603 1434 662 1496 quia
671 1433 798 1496 vectigalis
804 1432 861 1494 jam

88 1507 115 1552 et
126 1503 288 1564 stipendiaria
301 1506 384 1567 plebes
400 1519 457 1553 esse
468 1504 564 1554 senatui
579 1504 705 1566 coeperat?
718 1503 802 1566 ltaque
815 1502 861 1551 mi·

88 1572 157 1621 nime
164 1573 258 1623 mirum
267 1582 312 1631 est,
324 1588 370 1624 nec
384 1574 487 1637 Oppiam
499 1589 545 1624 nec
552 1574 625 1623 aliam
631 1574 708 1623 ullam
718 1579 772 1623 tum
779 1574 861 1636 legem

89 1643 256 1693 desideratam
274 1658 336 1701 esse,
348 1659 403 1707 quae
413 1646 516 1695 modum
527 1646 668 1708 sumptibus
680 1644 817 1694 mulierum
825 1643 861 1693 ia·

89 1720 166 1769 oeret,
181 1728 258 1776 quum
267 1728 356 1764 aumm
366 1723 390 1764 et
397 1729 535 1778 purpuram
549 1716 638 1765 dataet
647 1715 859 1764 oblataultronon

88 1783 249 1845 accipiebam.
263 1783 287 1833 si
306 1799 373 1833 nunc
388 1799 445 1835 cum
460 1785 511 1835 iliis
525 1785 596 1835 donis
607 1786 694 1835 Cineas
710 1786 798 1834 urbem
808 1784 861 1832 cir*

88 1854 205 1910 cumiret,
221 1861 314 1904 stantes
325 1855 352 1903 in
361 1856 460 1918 publico
469 1856 602 1905 invenisset
611 1869 666 1919 que
677 1856 826 1918 acciperent.

120 1925 198 1986 Atque
206 1937 253 1986 ego
261 1926 644 1988 nonnullarumcupiditatumne
652 1939 751 1976 causam
758 1924 859 1987 quidem

88 2098 195 2142 ementire
208 2102 230 2142 et
244 2112 289 2156 quo
302 2101 377 2155 mapis
391 2102 462 2157 impe-
488 2101 579 2144 ailleurs
593 2102 700 2157 scatipia,
718 2111 774 2155 pour
791 2096 859 2151 siano

88 2158 153 2202 rium
167 2161 459 2217 crescit.-10.Infeata...
488 2164 584 2207 deorum
602 2164 628 2205 iu
645 2161 742 2218 factipio
761 2157 857 2212 (templi)

87 2219 157 2275 siqua
166 2220 323 2278 absyracusic
331 2223 461 2266 illatarum
487 2226 543 2281 fico.
575 2224 615 2267 bes
645 2226 727 2279 poetes,
763 2219 858 2271 Tibulle,

88 2281 145 2324 buic
158 2283 229 2326 urbi:
243 2286 369 2339 expression
382 2285 460 2341 simplo
487 2283 800 2340 Oridc‚iuvenal,rapp011eut
808 2292 860 2325 sou·

89 2345 461 2402 etnatureIIcpourparIerdel'in·
488 2352 538 2391 rent
556 2347 577 2390 la
595 2347 639 2391 bon
658 2348 723 2390 rieux
743 2351 814 2400 temps
829 2342 859 2388 od

89 2406 212 2449 troduction
238 2410 376 2462 pernicieuse
404 2422 461 2465 pour
488 2405 555 2447 Rome
569 2403 749 2459 adoraitfictiies
761 2402 860 2446 decc.-

88 2467 205 2511 iiomedes
214 2466 283 2512 belles
295 2476 377 2512 autues
390 2471 460 2525 prises
487 2467 521 2511 12.
540 2467 620 2522 chem
638 2466 766 2518 bicinium,
784 2464 860 2521 portic

87 2527 231 2584 dSmcuse:
248 2532 303 2574 mais
319 2543 348 2575 on
364 2544 393 2575 ne
408 2538 461 2587 peut
488 2529 531 2571 i'an
546 2528 585 2571 387
601 2529 628 2571 do
644 2528 712 2572 Rome
728 2540 768 2584 par
783 2527 804 2573 lo
820 2526 861 2569 tri·

86 2589 223 2644 o'empbcber
244 2591 278 2646 d'y
299 2593 368 2636 sende
392 2592 461 2636 i'eiiet
487 2590 532 2633 bun
545 2589 567 2632 C.
578 2590 688 2634 Licinius:
703 2591 795 2646 mpuie
803 2590 860 2647 piata

87 2651 187 2706 d'unJ'eu
200 2653 227 2695 de
240 2658 297 2696 mots
308 2655 418 2709 peut-etro
428 2655 462 2697 in·
489 2652 615 2709 quingenta
625 2652 776 2709 Juperaopri
786 2651 860 2708 possi-

87 2712 225 2767 volontaire;
244 2714 329 2769 infecta
342 2716 411 2773 sipon
425 2716 462 2760 in-
488 2714 595 2758 ἀστοὶ-
605 2714 639 2758 13.
654 2713 859 2770 mandiricium,

86 2774 462 2833 semestletermecousacrdpour
488 2775 563 2831 ponte
589 2781 637 2831 sept
662 2788 704 2820 aus
727 2779 862 2832 aupanmt

87 2837 425 2894 exprimerl'attaqueeniorme
435 2839 461 2882 de
490 2839 544 2893 (mo)
561 2850 600 2895 par
616 2838 644 2881 bi.
660 2838 755 2881 Cincius
773 2838 873 2878 bitumen-

88 2897 201 2942 i'ennemi.
229 2921 255 2929 —
282 2901 314 2943 11.
345 2900 462 2957 Arreston,
491 2907 581 2947 tuszuc
589 2901 645 2960 quis
654 2900 891 2945 concambiorum
