<?xml version="1.0" encoding="UTF-8"?>
<!DOCTYPE html PUBLIC "-//W3C//DTD XHTML 1.0 Transitional//EN"
    "http://www.w3.org/TR/xhtml1/DTD/xhtml1-transitional.dtd">
<html xmlns="http://www.w3.org/1999/xhtml" xml:lang="en" lang="en">
 <head>
  <title>
</title>
<meta http-equiv="Content-Type" content="text/html;charset=utf-8" />
  <meta name='ocr-system' content='tesseract 3.04.00' />
  <meta name='ocr-capabilities' content='ocr_page ocr_carea ocr_par ocr_line ocrx_word'/>
</head>
<body>
  <div class='ocr_page' id='page_1' title='image "./concionessiveor00unkngoog_0363.png"; bbox 0 0 1904 3216; ppageno 0'>
   <div class='ocr_carea' id='block_1_1' title="bbox 127 199 594 251">
    <p class='ocr_par' dir='ltr' id='par_1_1' title="bbox 127 199 594 251">
     <span class='ocr_line' id='line_1_1' title="bbox 127 199 594 251; baseline 0 -1"><span class='ocrx_word' id='word_1_1' title='bbox 127 201 173 251; x_wconf 73' lang='lat' dir='ltr'>tot</span> <span class='ocrx_word' id='word_1_2' title='bbox 432 199 594 250; x_wconf 77' lang='lat' dir='ltr'>ohtttoass</span> 
     </span>
    </p>
   </div>
   <div class='ocr_carea' id='block_1_2' title="bbox 127 316 899 449">
    <p class='ocr_par' dir='ltr' id='par_1_2' title="bbox 127 316 899 449">
     <span class='ocr_line' id='line_1_2' title="bbox 128 316 899 381; baseline 0.004 -15"><span class='ocrx_word' id='word_1_3' title='bbox 128 317 179 366; x_wconf 81' lang='lat' dir='ltr'>nite</span> <span class='ocrx_word' id='word_1_4' title='bbox 190 316 253 366; x_wconf 83' lang='lat' dir='ltr'>mihi</span> <span class='ocrx_word' id='word_1_5' title='bbox 265 316 367 375; x_wconf 80' lang='lat' dir='ltr'>misero,</span> <span class='ocrx_word' id='word_1_6' title='bbox 378 316 412 366; x_wconf 86' lang='lat' dir='ltr'>ite</span> <span class='ocrx_word' id='word_1_7' title='bbox 421 316 519 366; x_wconf 86' lang='lat' dir='ltr'>obviam</span> <span class='ocrx_word' id='word_1_8' title='bbox 528 317 636 376; x_wconf 82' lang='lat' dir='ltr'>injuriae,</span> <span class='ocrx_word' id='word_1_9' title='bbox 647 317 782 381; x_wconf 84' lang='lat' dir='ltr'>nolitepati</span> <span class='ocrx_word' id='word_1_10' title='bbox 791 332 899 381; x_wconf 79' lang='lat' dir='ltr'>regnum</span> 
     </span>
     <span class='ocr_line' id='line_1_3' title="bbox 127 385 898 449; baseline 0.004 -15"><span class='ocrx_word' id='word_1_11' title='bbox 127 385 257 444; x_wconf 87' lang='lat' dir='ltr'>Numidiae,</span> <span class='ocrx_word' id='word_1_12' title='bbox 273 386 340 448; x_wconf 84' lang='lat' dir='ltr'>quod</span> <span class='ocrx_word' id='word_1_13' title='bbox 351 393 460 434; x_wconf 88' lang='lat' dir='ltr'>vostrum</span> <span class='ocrx_word' id='word_1_14' title='bbox 477 391 522 442; x_wconf 88' lang='lat' dir='ltr'>est,</span> <span class='ocrx_word' id='word_1_15' title='bbox 541 399 596 448; x_wconf 55' lang='lat' dir='ltr'>per&gt;</span> <span class='ocrx_word' id='word_1_16' title='bbox 606 387 686 436; x_wconf 89' lang='lat' dir='ltr'>scelus</span> <span class='ocrx_word' id='word_1_17' title='bbox 707 393 732 436; x_wconf 87' lang='lat' dir='ltr'>et</span> <span class='ocrx_word' id='word_1_18' title='bbox 749 388 898 449; x_wconf 84' lang='lat' dir='ltr'>sanguinem</span> 
     </span>
    </p>
   </div>
   <div class='ocr_carea' id='block_1_3' title="bbox 19 442 472 507">
    <p class='ocr_par' dir='ltr' id='par_1_3' title="bbox 19 442 472 507">
     <span class='ocr_line' id='line_1_4' title="bbox 19 442 472 507; baseline 0 -1"><span class='ocrx_word' id='word_1_19' title='bbox 19 442 22 449; x_wconf 49' lang='lat'>¹</span> <span class='ocrx_word' id='word_1_20' title='bbox 83 501 85 507; x_wconf 91' lang='lat'><em>.</em></span> <span class='ocrx_word' id='word_1_21' title='bbox 126 456 224 507; x_wconf 79' lang='lat' dir='ltr'>tamiliae</span> <span class='ocrx_word' id='word_1_22' title='bbox 235 465 326 507; x_wconf 83' lang='lat' dir='ltr'>nostrae</span> <span class='ocrx_word' id='word_1_23' title='bbox 338 458 472 506; x_wconf 83' lang='lat' dir='ltr'>tabescere.</span> 
     </span>
    </p>
   </div>
   <div class='ocr_carea' id='block_1_4' title="bbox 498 645 534 695">
    <p class='ocr_par' dir='ltr' id='par_1_4' title="bbox 498 645 534 695">
     <span class='ocr_line' id='line_1_5' title="bbox 498 645 534 695; baseline 0 0"><span class='ocrx_word' id='word_1_24' title='bbox 498 645 534 695; x_wconf 83' lang='lat'>111</span> 
     </span>
    </p>
   </div>
   <div class='ocr_carea' id='block_1_5' title="bbox 176 769 848 903">
    <p class='ocr_par' dir='ltr' id='par_1_5' title="bbox 176 769 848 903">
     <span class='ocr_line' id='line_1_6' title="bbox 176 769 848 836; baseline -0.003 -14"><span class='ocrx_word' id='word_1_25' title='bbox 176 772 232 834; x_wconf 75' lang='lat' dir='ltr'>(lap.</span> <span class='ocrx_word' id='word_1_26' title='bbox 242 771 282 821; x_wconf 74' lang='grc'>21.</span> <span class='ocrx_word' id='word_1_27' title='bbox 298 769 410 836; x_wconf 75' lang='lat' dir='ltr'><em>Epistola</em></span> <span class='ocrx_word' id='word_1_28' title='bbox 421 769 569 820; x_wconf 71' lang='lat' dir='ltr'><em>Adherbalis</em></span> <span class='ocrx_word' id='word_1_29' title='bbox 583 769 618 818; x_wconf 83' lang='lat' dir='ltr'>od</span> <span class='ocrx_word' id='word_1_30' title='bbox 629 769 747 820; x_wconf 81' lang='lat' dir='ltr'>Senatum</span> <span class='ocrx_word' id='word_1_31' title='bbox 760 770 848 820; x_wconf 79' lang='lat' dir='ltr'>Roma·</span> 
     </span>
     <span class='ocr_line' id='line_1_7' title="bbox 312 839 699 903; baseline 0 -14"><span class='ocrx_word' id='word_1_32' title='bbox 312 856 380 890; x_wconf 82' lang='lat' dir='ltr'>oum.</span> <span class='ocrx_word' id='word_1_33' title='bbox 394 840 448 903; x_wconf 72' lang='grc'>(611</span> <span class='ocrx_word' id='word_1_34' title='bbox 462 841 500 896; x_wconf 68' lang='lat' dir='ltr'>lt,</span> <span class='ocrx_word' id='word_1_35' title='bbox 515 839 560 889; x_wconf 79' lang='lat' dir='ltr'>lta</span> <span class='ocrx_word' id='word_1_36' title='bbox 574 854 611 889; x_wconf 85' lang='lat' dir='ltr'>av.</span> <span class='ocrx_word' id='word_1_37' title='bbox 625 839 699 902; x_wconf 64' lang='lat' dir='ltr'>led.)</span> 
     </span>
    </p>
   </div>
   <div class='ocr_carea' id='block_1_6' title="bbox 124 980 898 1250">
    <p class='ocr_par' dir='ltr' id='par_1_6' title="bbox 124 980 898 1250">
     <span class='ocr_line' id='line_1_8' title="bbox 148 980 898 1030; baseline -0.001 -10"><span class='ocrx_word' id='word_1_38' title='bbox 148 982 254 1030; x_wconf 64' lang='lat' dir='ltr'>tugurtbs,</span> <span class='ocrx_word' id='word_1_39' title='bbox 274 992 334 1030; x_wconf 85' lang='lat' dir='ltr'>quum</span> <span class='ocrx_word' id='word_1_40' title='bbox 349 980 451 1029; x_wconf 78' lang='lat' dir='ltr'>pecrmism</span> <span class='ocrx_word' id='word_1_41' title='bbox 466 980 517 1018; x_wconf 85' lang='lat' dir='ltr'>inter</span> <span class='ocrx_word' id='word_1_42' title='bbox 528 980 603 1018; x_wconf 85' lang='lat' dir='ltr'>nobiles</span> <span class='ocrx_word' id='word_1_43' title='bbox 617 982 681 1019; x_wconf 81' lang='lat' dir='ltr'>Romae</span> <span class='ocrx_word' id='word_1_44' title='bbox 695 980 779 1027; x_wconf 68' lang='lat' dir='ltr'>largiter</span> <span class='ocrx_word' id='word_1_45' title='bbox 790 980 898 1020; x_wconf 83' lang='lat' dir='ltr'>dividendo</span> 
     </span>
     <span class='ocr_line' id='line_1_9' title="bbox 126 1024 896 1077; baseline -0.001 -12"><span class='ocrx_word' id='word_1_46' title='bbox 126 1027 244 1065; x_wconf 75' lang='lat' dir='ltr'><strong>obtinuisset</strong></span> <span class='ocrx_word' id='word_1_47' title='bbox 251 1030 275 1065; x_wconf 85' lang='lat' dir='ltr'>ut</span> <span class='ocrx_word' id='word_1_48' title='bbox 281 1031 303 1064; x_wconf 86' lang='lat' dir='ltr'>et</span> <span class='ocrx_word' id='word_1_49' title='bbox 314 1034 376 1064; x_wconf 80' lang='lat' dir='ltr'>eaeoes</span> <span class='ocrx_word' id='word_1_50' title='bbox 389 1025 502 1076; x_wconf 71' lang='lat' dir='ltr'>stemmatis</span> <span class='ocrx_word' id='word_1_51' title='bbox 514 1024 610 1072; x_wconf 82' lang='lat' dir='ltr'>impunita</span> <span class='ocrx_word' id='word_1_52' title='bbox 623 1029 683 1077; x_wconf 72' lang='lat' dir='ltr'>esset,</span> <span class='ocrx_word' id='word_1_53' title='bbox 693 1031 712 1062; x_wconf 92' lang='lat' dir='ltr'>et</span> <span class='ocrx_word' id='word_1_54' title='bbox 721 1034 803 1072; x_wconf 77' lang='lat' dir='ltr'>rognum</span> <span class='ocrx_word' id='word_1_55' title='bbox 812 1025 896 1074; x_wconf 78' lang='lat' dir='ltr'>tlieipsae</span> 
     </span>
     <span class='ocr_line' id='line_1_10' title="bbox 124 1068 897 1117; baseline -0.001 -10"><span class='ocrx_word' id='word_1_56' title='bbox 124 1071 177 1108; x_wconf 83' lang='lat' dir='ltr'>inter</span> <span class='ocrx_word' id='word_1_57' title='bbox 184 1081 204 1108; x_wconf 89' lang='lat' dir='ltr'>se</span> <span class='ocrx_word' id='word_1_58' title='bbox 213 1072 233 1109; x_wconf 87' lang='lat' dir='ltr'>et</span> <span class='ocrx_word' id='word_1_59' title='bbox 240 1070 370 1109; x_wconf 72' lang='lat' dir='ltr'>Adherbalem</span> <span class='ocrx_word' id='word_1_60' title='bbox 383 1068 511 1112; x_wconf 76' lang='lat' dir='ltr'>druideretur,</span> <span class='ocrx_word' id='word_1_61' title='bbox 521 1069 593 1117; x_wconf 77' lang='lat' dir='ltr'>maJ&#39;ora</span> <span class='ocrx_word' id='word_1_62' title='bbox 601 1071 723 1116; x_wconf 72' lang='lat' dir='ltr'>aggredttur,</span> <span class='ocrx_word' id='word_1_63' title='bbox 730 1075 750 1106; x_wconf 89' lang='lat' dir='ltr'>et</span> <span class='ocrx_word' id='word_1_64' title='bbox 760 1073 820 1106; x_wconf 87' lang='lat' dir='ltr'>totam</span> <span class='ocrx_word' id='word_1_65' title='bbox 828 1071 897 1108; x_wconf 83' lang='lat' dir='ltr'>uum-</span> 
     </span>
     <span class='ocr_line' id='line_1_11' title="bbox 126 1113 896 1162; baseline 0 -10"><span class='ocrx_word' id='word_1_66' title='bbox 126 1114 176 1152; x_wconf 81' lang='lat' dir='ltr'>dium</span> <span class='ocrx_word' id='word_1_67' title='bbox 185 1115 276 1152; x_wconf 79' lang='lat' dir='ltr'>invaders</span> <span class='ocrx_word' id='word_1_68' title='bbox 282 1119 344 1162; x_wconf 80' lang='lat' dir='ltr'>perat.</span> <span class='ocrx_word' id='word_1_69' title='bbox 352 1115 479 1152; x_wconf 74' lang='lat' dir='ltr'>Adherbalem</span> <span class='ocrx_word' id='word_1_70' title='bbox 486 1113 546 1160; x_wconf 76' lang='lat' dir='ltr'>igitur</span> <span class='ocrx_word' id='word_1_71' title='bbox 553 1115 636 1151; x_wconf 78' lang='lat' dir='ltr'><strong>adortus</strong></span> <span class='ocrx_word' id='word_1_72' title='bbox 643 1115 714 1162; x_wconf 82' lang='lat' dir='ltr'>prrelio</span> <span class='ocrx_word' id='word_1_73' title='bbox 721 1113 785 1152; x_wconf 79' lang='lat' dir='ltr'>tundit</span> <span class='ocrx_word' id='word_1_74' title='bbox 791 1113 896 1160; x_wconf 75' lang='lat' dir='ltr'><strong>fugatque.</strong></span> 
     </span>
     <span class='ocr_line' id='line_1_12' title="bbox 125 1157 897 1242; baseline -0.001 -46"><span class='ocrx_word' id='word_1_75' title='bbox 125 1159 231 1241; x_wconf 49' lang='grc' dir='ltr'>αοῑῦὲτῑριιη</span> <span class='ocrx_word' id='word_1_76' title='bbox 242 1158 312 1242; x_wconf 59' lang='lat' dir='ltr'>luduelre</span> <span class='ocrx_word' id='word_1_77' title='bbox 321 1163 409 1210; x_wconf 81' lang='lat' dir='ltr'>coactum</span> <span class='ocrx_word' id='word_1_78' title='bbox 419 1157 502 1196; x_wconf 86' lang='lat' dir='ltr'>obsidet.</span> <span class='ocrx_word' id='word_1_79' title='bbox 509 1158 557 1196; x_wconf 79' lang='lat' dir='ltr'>Hine</span> <span class='ocrx_word' id='word_1_80' title='bbox 564 1157 662 1196; x_wconf 77' lang='lat' dir='ltr'>Adherbal</span> <span class='ocrx_word' id='word_1_81' title='bbox 670 1163 748 1197; x_wconf 87' lang='lat' dir='ltr'>senatus</span> <span class='ocrx_word' id='word_1_82' title='bbox 755 1158 813 1196; x_wconf 81' lang='lat' dir='ltr'>fidem</span> <span class='ocrx_word' id='word_1_83' title='bbox 825 1158 897 1208; x_wconf 83' lang='lat' dir='ltr'>implo-</span> 
     </span>
     <span class='ocr_line' id='line_1_13' title="bbox 124 1209 368 1250; baseline -0.012 -9"><span class='ocrx_word' id='word_1_84' title='bbox 124 1213 147 1242; x_wconf 88' lang='lat' dir='ltr'>ra</span> <span class='ocrx_word' id='word_1_85' title='bbox 181 1214 260 1250; x_wconf 80' lang='lat' dir='ltr'>uJusmo</span> <span class='ocrx_word' id='word_1_86' title='bbox 275 1215 281 1240; x_wconf 89' lang='grc' dir='ltr'>ι</span> <span class='ocrx_word' id='word_1_87' title='bbox 296 1209 368 1240; x_wconf 79' lang='lat' dir='ltr'>rterts:</span> 
     </span>
    </p>
   </div>
   <div class='ocr_carea' id='block_1_7' title="bbox 89 1314 896 1802">
    <p class='ocr_par' dir='ltr' id='par_1_7' title="bbox 123 1314 896 1557">
     <span class='ocr_line' id='line_1_14' title="bbox 150 1314 895 1371; baseline 0 -10"><span class='ocrx_word' id='word_1_88' title='bbox 150 1318 179 1361; x_wconf 85' lang='lat' dir='ltr'>Le</span> <span class='ocrx_word' id='word_1_89' title='bbox 195 1316 296 1360; x_wconf 88' lang='lat' dir='ltr'>malheur</span> <span class='ocrx_word' id='word_1_90' title='bbox 304 1318 362 1359; x_wconf 86' lang='lat' dir='ltr'>loroe</span> <span class='ocrx_word' id='word_1_91' title='bbox 371 1314 478 1358; x_wconf 78' lang='lat' dir='ltr'>Adherbal</span> <span class='ocrx_word' id='word_1_92' title='bbox 487 1315 499 1358; x_wconf 76' lang='grc'>1</span> <span class='ocrx_word' id='word_1_93' title='bbox 509 1327 533 1358; x_wconf 91' lang='lat' dir='ltr'>se</span> <span class='ocrx_word' id='word_1_94' title='bbox 549 1321 647 1358; x_wconf 85' lang='lat' dir='ltr'>montrer</span> <span class='ocrx_word' id='word_1_95' title='bbox 661 1315 779 1370; x_wconf 84' lang='lat' dir='ltr'>importuu.</span> <span class='ocrx_word' id='word_1_96' title='bbox 787 1315 895 1371; x_wconf 77' lang='lat' dir='ltr'>Jugurtha</span> 
     </span>
     <span class='ocr_line' id='line_1_15' title="bbox 126 1377 895 1434; baseline 0 -12"><span class='ocrx_word' id='word_1_97' title='bbox 126 1380 178 1422; x_wconf 84' lang='lat' dir='ltr'>n&#39;en</span> <span class='ocrx_word' id='word_1_98' title='bbox 192 1384 291 1434; x_wconf 75' lang='lat' dir='ltr'>teutpas</span> <span class='ocrx_word' id='word_1_99' title='bbox 300 1377 423 1420; x_wconf 83' lang='lat' dir='ltr'>seulement</span> <span class='ocrx_word' id='word_1_100' title='bbox 436 1378 448 1420; x_wconf 77' lang='lat' dir='ltr'>h</span> <span class='ocrx_word' id='word_1_101' title='bbox 462 1389 502 1420; x_wconf 90' lang='lat' dir='ltr'>son</span> <span class='ocrx_word' id='word_1_102' title='bbox 517 1389 621 1433; x_wconf 73' lang='lat' dir='ltr'>royaume</span> <span class='ocrx_word' id='word_1_103' title='bbox 632 1390 638 1419; x_wconf 89' lang='lat'>:</span> <span class='ocrx_word' id='word_1_104' title='bbox 648 1377 786 1433; x_wconf 78' lang='lat' dir='ltr'>auJ&#39;ourd&#39;hui</span> <span class='ocrx_word' id='word_1_105' title='bbox 803 1378 856 1422; x_wconf 84' lang='lat' dir='ltr'>c&#39;est</span> <span class='ocrx_word' id='word_1_106' title='bbox 872 1392 895 1422; x_wconf 81' lang='lat' dir='ltr'>sa</span> 
     </span>
     <span class='ocr_line' id='line_1_16' title="bbox 123 1438 896 1497; baseline -0.001 -12"><span class='ocrx_word' id='word_1_107' title='bbox 123 1443 160 1485; x_wconf 79' lang='lat' dir='ltr'>vie</span> <span class='ocrx_word' id='word_1_108' title='bbox 169 1441 223 1497; x_wconf 86' lang='lat' dir='ltr'>qu&#39;il</span> <span class='ocrx_word' id='word_1_109' title='bbox 237 1440 346 1495; x_wconf 82' lang='lat' dir='ltr'>poursuit‚</span> <span class='ocrx_word' id='word_1_110' title='bbox 356 1451 406 1482; x_wconf 85' lang='lat' dir='ltr'>sans</span> <span class='ocrx_word' id='word_1_111' title='bbox 423 1445 508 1493; x_wconf 79' lang='lat' dir='ltr'>respect</span> <span class='ocrx_word' id='word_1_112' title='bbox 526 1438 553 1482; x_wconf 88' lang='lat' dir='ltr'>de</span> <span class='ocrx_word' id='word_1_113' title='bbox 571 1439 637 1482; x_wconf 88' lang='lat' dir='ltr'>Rome</span> <span class='ocrx_word' id='word_1_114' title='bbox 651 1440 674 1482; x_wconf 85' lang='lat' dir='ltr'>ui</span> <span class='ocrx_word' id='word_1_115' title='bbox 684 1439 722 1482; x_wconf 92' lang='lat' dir='ltr'>des</span> <span class='ocrx_word' id='word_1_116' title='bbox 731 1439 810 1491; x_wconf 59' lang='lat' dir='ltr'>diuum</span> <span class='ocrx_word' id='word_1_117' title='bbox 832 1441 847 1482; x_wconf 86' lang='lat' dir='ltr'>il</span> <span class='ocrx_word' id='word_1_118' title='bbox 867 1454 896 1485; x_wconf 85' lang='lat' dir='ltr'>ne</span> 
     </span>
     <span class='ocr_line' id='line_1_17' title="bbox 123 1501 895 1557; baseline 0 -10"><span class='ocrx_word' id='word_1_119' title='bbox 123 1504 189 1547; x_wconf 86' lang='lat' dir='ltr'>luisse</span> <span class='ocrx_word' id='word_1_120' title='bbox 199 1501 344 1546; x_wconf 75' lang='lat' dir='ltr'>hl’int‘ortunb</span> <span class='ocrx_word' id='word_1_121' title='bbox 354 1514 396 1557; x_wconf 91' lang='lat' dir='ltr'>que</span> <span class='ocrx_word' id='word_1_122' title='bbox 404 1502 425 1544; x_wconf 89' lang='lat' dir='ltr'>le</span> <span class='ocrx_word' id='word_1_123' title='bbox 435 1501 497 1544; x_wconf 82' lang='lat' dir='ltr'>choix</span> <span class='ocrx_word' id='word_1_124' title='bbox 506 1501 533 1543; x_wconf 92' lang='lat' dir='ltr'>de</span> <span class='ocrx_word' id='word_1_125' title='bbox 538 1501 598 1555; x_wconf 73' lang='lat' dir='ltr'>perir</span> <span class='ocrx_word' id='word_1_126' title='bbox 607 1513 647 1556; x_wconf 91' lang='lat' dir='ltr'>par</span> <span class='ocrx_word' id='word_1_127' title='bbox 652 1502 672 1544; x_wconf 94' lang='lat' dir='ltr'>le</span> <span class='ocrx_word' id='word_1_128' title='bbox 678 1502 711 1544; x_wconf 79' lang='lat' dir='ltr'>ser</span> <span class='ocrx_word' id='word_1_129' title='bbox 718 1514 746 1544; x_wconf 93' lang='lat' dir='ltr'>ou</span> <span class='ocrx_word' id='word_1_130' title='bbox 755 1515 794 1556; x_wconf 87' lang='lat' dir='ltr'>par</span> <span class='ocrx_word' id='word_1_131' title='bbox 804 1503 824 1545; x_wconf 90' lang='lat' dir='ltr'>la</span> <span class='ocrx_word' id='word_1_132' title='bbox 832 1503 895 1548; x_wconf 82' lang='lat' dir='ltr'>laim.</span> 
     </span>
    </p>

    <p class='ocr_par' dir='ltr' id='par_1_8' title="bbox 89 1562 895 1802">
     <span class='ocr_line' id='line_1_18' title="bbox 89 1562 894 1620; baseline -0.001 -11"><span class='ocrx_word' id='word_1_133' title='bbox 89 1598 99 1609; x_wconf 89' lang='lat'>..</span> <span class='ocrx_word' id='word_1_134' title='bbox 123 1589 151 1597; x_wconf 91' lang='lat'><em>-</em></span> <span class='ocrx_word' id='word_1_135' title='bbox 158 1563 265 1620; x_wconf 83' lang='lat' dir='ltr'>lugurtha</span> <span class='ocrx_word' id='word_1_136' title='bbox 279 1575 307 1606; x_wconf 91' lang='lat' dir='ltr'>ue</span> <span class='ocrx_word' id='word_1_137' title='bbox 316 1563 431 1605; x_wconf 81' lang='lat' dir='ltr'>s&#39;arretera</span> <span class='ocrx_word' id='word_1_138' title='bbox 442 1575 480 1617; x_wconf 85' lang='lat' dir='ltr'>pas</span> <span class='ocrx_word' id='word_1_139' title='bbox 490 1562 511 1604; x_wconf 78' lang='lat' dir='ltr'>la</span> <span class='ocrx_word' id='word_1_140' title='bbox 521 1575 527 1604; x_wconf 74' lang='grc' dir='ltr'>ε</span> <span class='ocrx_word' id='word_1_141' title='bbox 539 1562 574 1604; x_wconf 88' lang='lat' dir='ltr'>ila</span> <span class='ocrx_word' id='word_1_142' title='bbox 584 1562 694 1613; x_wconf 72' lang='lat' dir='ltr'>montuele</span> <span class='ocrx_word' id='word_1_143' title='bbox 703 1575 746 1617; x_wconf 89' lang='lat' dir='ltr'>peu</span> <span class='ocrx_word' id='word_1_144' title='bbox 756 1563 782 1605; x_wconf 89' lang='lat' dir='ltr'>de</span> <span class='ocrx_word' id='word_1_145' title='bbox 792 1576 828 1605; x_wconf 88' lang='lat' dir='ltr'>eas</span> <span class='ocrx_word' id='word_1_146' title='bbox 838 1566 894 1619; x_wconf 83' lang='lat' dir='ltr'>qu&#39;il</span> 
     </span>
     <span class='ocr_line' id='line_1_19' title="bbox 123 1621 895 1674; baseline -0.001 -4"><span class='ocrx_word' id='word_1_147' title='bbox 123 1627 162 1670; x_wconf 80' lang='lat' dir='ltr'>fait</span> <span class='ocrx_word' id='word_1_148' title='bbox 177 1625 204 1668; x_wconf 86' lang='lat' dir='ltr'>de</span> <span class='ocrx_word' id='word_1_149' title='bbox 213 1624 303 1667; x_wconf 78' lang='lat' dir='ltr'>l’amitio</span> <span class='ocrx_word' id='word_1_150' title='bbox 312 1622 351 1665; x_wconf 87' lang='lat' dir='ltr'>des</span> <span class='ocrx_word' id='word_1_151' title='bbox 360 1623 469 1666; x_wconf 82' lang='lat' dir='ltr'>Romulus.</span> <span class='ocrx_word' id='word_1_152' title='bbox 485 1622 554 1672; x_wconf 80' lang='lat' dir='ltr'>Quant</span> <span class='ocrx_word' id='word_1_153' title='bbox 564 1621 576 1663; x_wconf 76' lang='lat' dir='ltr'>h</span> <span class='ocrx_word' id='word_1_154' title='bbox 587 1622 702 1674; x_wconf 77' lang='lat' dir='ltr'>Adherbal,</span> <span class='ocrx_word' id='word_1_155' title='bbox 714 1623 730 1666; x_wconf 90' lang='lat' dir='ltr'>il</span> <span class='ocrx_word' id='word_1_156' title='bbox 744 1636 771 1666; x_wconf 89' lang='lat' dir='ltr'>ue</span> <span class='ocrx_word' id='word_1_157' title='bbox 786 1624 895 1669; x_wconf 81' lang='lat' dir='ltr'>demands</span> 
     </span>
     <span class='ocr_line' id='line_1_20' title="bbox 123 1683 894 1744; baseline -0.001 -13"><span class='ocrx_word' id='word_1_158' title='bbox 123 1701 167 1744; x_wconf 86' lang='lat' dir='ltr'>que</span> <span class='ocrx_word' id='word_1_159' title='bbox 176 1687 197 1730; x_wconf 87' lang='lat' dir='ltr'>la</span> <span class='ocrx_word' id='word_1_160' title='bbox 210 1687 246 1730; x_wconf 82' lang='lat' dir='ltr'>vie</span> <span class='ocrx_word' id='word_1_161' title='bbox 255 1693 277 1729; x_wconf 91' lang='lat' dir='ltr'>et</span> <span class='ocrx_word' id='word_1_162' title='bbox 286 1684 396 1728; x_wconf 85' lang='lat' dir='ltr'>laliherto&#39;.</span> <span class='ocrx_word' id='word_1_163' title='bbox 404 1685 520 1734; x_wconf 78' lang='lat' dir='ltr'>Quellome</span> <span class='ocrx_word' id='word_1_164' title='bbox 528 1685 585 1734; x_wconf 79' lang='lat' dir='ltr'>fasse</span> <span class='ocrx_word' id='word_1_165' title='bbox 595 1683 622 1726; x_wconf 86' lang='lat' dir='ltr'>de</span> <span class='ocrx_word' id='word_1_166' title='bbox 634 1685 654 1727; x_wconf 85' lang='lat' dir='ltr'>la</span> <span class='ocrx_word' id='word_1_167' title='bbox 664 1683 766 1727; x_wconf 81' lang='lat' dir='ltr'>Numidis</span> <span class='ocrx_word' id='word_1_168' title='bbox 776 1697 801 1727; x_wconf 89' lang='lat' dir='ltr'>oe</span> <span class='ocrx_word' id='word_1_169' title='bbox 811 1686 894 1741; x_wconf 79' lang='lat' dir='ltr'>qu’elle</span> 
     </span>
     <span class='ocr_line' id='line_1_21' title="bbox 123 1745 722 1802; baseline -0.005 -10"><span class='ocrx_word' id='word_1_170' title='bbox 123 1756 183 1802; x_wconf 76' lang='lat' dir='ltr'>veut,</span> <span class='ocrx_word' id='word_1_171' title='bbox 192 1749 248 1790; x_wconf 86' lang='lat' dir='ltr'>mais</span> <span class='ocrx_word' id='word_1_172' title='bbox 262 1747 342 1802; x_wconf 78' lang='lat' dir='ltr'>qu&#39;elle</span> <span class='ocrx_word' id='word_1_173' title='bbox 349 1759 415 1789; x_wconf 77' lang='lat' dir='ltr'>saure</span> <span class='ocrx_word' id='word_1_174' title='bbox 426 1746 446 1788; x_wconf 87' lang='lat' dir='ltr'>le</span> <span class='ocrx_word' id='word_1_175' title='bbox 456 1745 555 1800; x_wconf 83' lang='lat' dir='ltr'>petit-fils</span> <span class='ocrx_word' id='word_1_176' title='bbox 565 1745 592 1787; x_wconf 91' lang='lat' dir='ltr'>de</span> <span class='ocrx_word' id='word_1_177' title='bbox 602 1745 722 1789; x_wconf 76' lang='lat' dir='ltr'>Masinissa.</span> 
     </span>
    </p>
   </div>
   <div class='ocr_carea' id='block_1_8' title="bbox 38 1874 894 2714">
    <p class='ocr_par' dir='ltr' id='par_1_9' title="bbox 38 1874 894 2714">
     <span class='ocr_line' id='line_1_22' title="bbox 153 1874 894 1938; baseline -0.004 -9"><span class='ocrx_word' id='word_1_178' title='bbox 153 1879 205 1929; x_wconf 82' lang='lat' dir='ltr'>Non</span> <span class='ocrx_word' id='word_1_179' title='bbox 222 1891 276 1926; x_wconf 88' lang='lat' dir='ltr'>mea</span> <span class='ocrx_word' id='word_1_180' title='bbox 296 1876 369 1938; x_wconf 84' lang='lat' dir='ltr'>culpa</span> <span class='ocrx_word' id='word_1_181' title='bbox 383 1889 447 1937; x_wconf 85' lang='lat' dir='ltr'>saepe</span> <span class='ocrx_word' id='word_1_182' title='bbox 469 1875 500 1923; x_wconf 85' lang='lat' dir='ltr'>ad</span> <span class='ocrx_word' id='word_1_183' title='bbox 524 1887 567 1922; x_wconf 80' lang='lat' dir='ltr'>vos</span> <span class='ocrx_word' id='word_1_184' title='bbox 587 1878 686 1921; x_wconf 86' lang='lat' dir='ltr'>oratum</span> <span class='ocrx_word' id='word_1_185' title='bbox 707 1874 786 1930; x_wconf 84' lang='lat' dir='ltr'>mitto,</span> <span class='ocrx_word' id='word_1_186' title='bbox 810 1875 894 1926; x_wconf 85' lang='lat' dir='ltr'>Patres</span> 
     </span>
     <span class='ocr_line' id='line_1_23' title="bbox 123 1942 893 2009; baseline -0.004 -11"><span class='ocrx_word' id='word_1_187' title='bbox 123 1946 268 2009; x_wconf 71' lang='lat' dir='ltr'>Cousedph,</span> <span class='ocrx_word' id='word_1_188' title='bbox 282 1943 324 1994; x_wconf 86' lang='lat' dir='ltr'>sed</span> <span class='ocrx_word' id='word_1_189' title='bbox 335 1944 372 1994; x_wconf 87' lang='lat' dir='ltr'>vis</span> <span class='ocrx_word' id='word_1_190' title='bbox 385 1944 514 2005; x_wconf 84' lang='lat' dir='ltr'>Jugurthae</span> <span class='ocrx_word' id='word_1_191' title='bbox 524 1942 626 2004; x_wconf 83' lang='lat' dir='ltr'>subigit,</span> <span class='ocrx_word' id='word_1_192' title='bbox 640 1955 714 2003; x_wconf 85' lang='lat' dir='ltr'>quem</span> <span class='ocrx_word' id='word_1_193' title='bbox 725 1947 792 1991; x_wconf 84' lang='lat' dir='ltr'>tanta</span> <span class='ocrx_word' id='word_1_194' title='bbox 807 1943 893 1995; x_wconf 89' lang='lat' dir='ltr'>lubido</span> 
     </span>
     <span class='ocr_line' id='line_1_24' title="bbox 122 2012 893 2080; baseline -0.006 -12"><span class='ocrx_word' id='word_1_195' title='bbox 122 2016 296 2080; x_wconf 81' lang='lat' dir='ltr'>exstinguendi</span> <span class='ocrx_word' id='word_1_196' title='bbox 312 2030 353 2065; x_wconf 89' lang='lat' dir='ltr'>me</span> <span class='ocrx_word' id='word_1_197' title='bbox 364 2014 463 2069; x_wconf 84' lang='lat' dir='ltr'>invasit,</span> <span class='ocrx_word' id='word_1_198' title='bbox 477 2018 504 2061; x_wconf 89' lang='lat' dir='ltr'>ut</span> <span class='ocrx_word' id='word_1_199' title='bbox 524 2026 605 2075; x_wconf 85' lang='lat' dir='ltr'>neque</span> <span class='ocrx_word' id='word_1_200' title='bbox 617 2024 660 2058; x_wconf 90' lang='lat' dir='ltr'>vos</span> <span class='ocrx_word' id='word_1_201' title='bbox 679 2025 759 2074; x_wconf 84' lang='lat' dir='ltr'>neque</span> <span class='ocrx_word' id='word_1_202' title='bbox 772 2012 828 2062; x_wconf 86' lang='lat' dir='ltr'>deos</span> <span class='ocrx_word' id='word_1_203' title='bbox 843 2015 893 2063; x_wconf 87' lang='lat' dir='ltr'>im-</span> 
     </span>
     <span class='ocr_line' id='line_1_25' title="bbox 121 2081 892 2144; baseline -0.005 -7"><span class='ocrx_word' id='word_1_204' title='bbox 121 2089 234 2137; x_wconf 81' lang='lat' dir='ltr'>mortalis</span> <span class='ocrx_word' id='word_1_205' title='bbox 248 2087 274 2134; x_wconf 89' lang='lat' dir='ltr'>iu</span> <span class='ocrx_word' id='word_1_206' title='bbox 285 2085 470 2139; x_wconf 84' lang='lat' dir='ltr'>animobabeat,</span> <span class='ocrx_word' id='word_1_207' title='bbox 479 2081 621 2144; x_wconf 82' lang='lat' dir='ltr'>sanguinem</span> <span class='ocrx_word' id='word_1_208' title='bbox 630 2094 713 2129; x_wconf 87' lang='lat' dir='ltr'>meum</span> <span class='ocrx_word' id='word_1_209' title='bbox 727 2085 892 2142; x_wconf 84' lang='lat' dir='ltr'>quamomnia</span> 
     </span>
     <span class='ocr_line' id='line_1_26' title="bbox 120 2152 892 2218; baseline -0.003 -12"><span class='ocrx_word' id='word_1_210' title='bbox 120 2159 201 2207; x_wconf 89' lang='lat' dir='ltr'>malit.</span> <span class='ocrx_word' id='word_1_211' title='bbox 217 2158 301 2218; x_wconf 84' lang='lat' dir='ltr'>Itaque</span> <span class='ocrx_word' id='word_1_212' title='bbox 316 2156 433 2218; x_wconf 86' lang='lat' dir='ltr'>quintum</span> <span class='ocrx_word' id='word_1_213' title='bbox 449 2155 501 2216; x_wconf 86' lang='lat' dir='ltr'>jam</span> <span class='ocrx_word' id='word_1_214' title='bbox 515 2167 634 2207; x_wconf 85' lang='lat' dir='ltr'>mensem,</span> <span class='ocrx_word' id='word_1_215' title='bbox 653 2152 734 2201; x_wconf 86' lang='lat' dir='ltr'>socius</span> <span class='ocrx_word' id='word_1_216' title='bbox 755 2158 779 2202; x_wconf 88' lang='lat' dir='ltr'>et</span> <span class='ocrx_word' id='word_1_217' title='bbox 797 2155 892 2206; x_wconf 88' lang='lat' dir='ltr'>amicus</span> 
     </span>
     <span class='ocr_line' id='line_1_27' title="bbox 120 2224 892 2292; baseline -0.004 -15"><span class='ocrx_word' id='word_1_218' title='bbox 120 2228 206 2292; x_wconf 88' lang='lat' dir='ltr'>populi</span> <span class='ocrx_word' id='word_1_219' title='bbox 218 2227 330 2282; x_wconf 84' lang='lat' dir='ltr'>Romani,</span> <span class='ocrx_word' id='word_1_220' title='bbox 345 2226 420 2275; x_wconf 83' lang='lat' dir='ltr'>armis</span> <span class='ocrx_word' id='word_1_221' title='bbox 435 2227 551 2274; x_wconf 86' lang='lat' dir='ltr'>obsessus</span> <span class='ocrx_word' id='word_1_222' title='bbox 561 2229 656 2277; x_wconf 85' lang='lat' dir='ltr'>teneor,</span> <span class='ocrx_word' id='word_1_223' title='bbox 673 2236 754 2285; x_wconf 85' lang='lat' dir='ltr'>neque</span> <span class='ocrx_word' id='word_1_224' title='bbox 771 2224 833 2273; x_wconf 89' lang='lat' dir='ltr'>mihi</span> <span class='ocrx_word' id='word_1_225' title='bbox 847 2226 892 2274; x_wconf 86' lang='lat' dir='ltr'>bli-</span> 
     </span>
     <span class='ocr_line' id='line_1_28' title="bbox 121 2294 891 2362; baseline -0.004 -14"><span class='ocrx_word' id='word_1_226' title='bbox 121 2300 197 2362; x_wconf 86' lang='lat' dir='ltr'>cipsee</span> <span class='ocrx_word' id='word_1_227' title='bbox 208 2298 287 2360; x_wconf 83' lang='lat' dir='ltr'>patris</span> <span class='ocrx_word' id='word_1_228' title='bbox 307 2297 356 2344; x_wconf 90' lang='lat' dir='ltr'>mei</span> <span class='ocrx_word' id='word_1_229' title='bbox 373 2295 491 2344; x_wconf 80' lang='lat' dir='ltr'>beneficia</span> <span class='ocrx_word' id='word_1_230' title='bbox 508 2306 588 2356; x_wconf 88' lang='lat' dir='ltr'>neque</span> <span class='ocrx_word' id='word_1_231' title='bbox 602 2299 684 2342; x_wconf 80' lang='lat' dir='ltr'>vostra</span> <span class='ocrx_word' id='word_1_232' title='bbox 701 2294 801 2343; x_wconf 88' lang='lat' dir='ltr'>decreta</span> <span class='ocrx_word' id='word_1_233' title='bbox 819 2297 891 2345; x_wconf 85' lang='lat' dir='ltr'>auxi·</span> 
     </span>
     <span class='ocr_line' id='line_1_29' title="bbox 120 2363 892 2428; baseline -0.003 -10"><span class='ocrx_word' id='word_1_234' title='bbox 120 2370 227 2428; x_wconf 74' lang='lat' dir='ltr'>liuntur3</span> <span class='ocrx_word' id='word_1_235' title='bbox 240 2369 308 2416; x_wconf 86' lang='lat' dir='ltr'>ferro</span> <span class='ocrx_word' id='word_1_236' title='bbox 315 2381 346 2414; x_wconf 86' lang='lat' dir='ltr'>an</span> <span class='ocrx_word' id='word_1_237' title='bbox 358 2364 618 2425; x_wconf 84' lang='lat' dir='ltr'>lameaoriusurgeur,</span> <span class='ocrx_word' id='word_1_238' title='bbox 626 2363 806 2413; x_wconf 86' lang='lat' dir='ltr'>incertussum.</span> <span class='ocrx_word' id='word_1_239' title='bbox 818 2365 892 2416; x_wconf 84' lang='lat' dir='ltr'>Plura</span> 
     </span>
     <span class='ocr_line' id='line_1_30' title="bbox 120 2433 892 2498; baseline -0.005 -10"><span class='ocrx_word' id='word_1_240' title='bbox 120 2440 151 2488; x_wconf 89' lang='lat' dir='ltr'>de</span> <span class='ocrx_word' id='word_1_241' title='bbox 164 2439 289 2498; x_wconf 75' lang='lat' dir='ltr'>Iugurtha</span> <span class='ocrx_word' id='word_1_242' title='bbox 300 2436 409 2486; x_wconf 85' lang='lat' dir='ltr'>scrihere</span> <span class='ocrx_word' id='word_1_243' title='bbox 419 2435 564 2483; x_wconf 82' lang='lat' dir='ltr'>dehortatur</span> <span class='ocrx_word' id='word_1_244' title='bbox 572 2447 613 2481; x_wconf 87' lang='lat' dir='ltr'>me</span> <span class='ocrx_word' id='word_1_245' title='bbox 622 2433 720 2481; x_wconf 83' lang='lat' dir='ltr'>fortuna</span> <span class='ocrx_word' id='word_1_246' title='bbox 729 2447 784 2482; x_wconf 88' lang='lat' dir='ltr'>mea</span> <span class='ocrx_word' id='word_1_247' title='bbox 792 2449 798 2491; x_wconf 87' lang='grc'>;</span> <span class='ocrx_word' id='word_1_248' title='bbox 807 2435 892 2497; x_wconf 86' lang='lat' dir='ltr'>etjam</span> 
     </span>
     <span class='ocr_line' id='line_1_31' title="bbox 38 2503 891 2570; baseline -0.005 -12"><span class='ocrx_word' id='word_1_249' title='bbox 38 2521 45 2535; x_wconf 89' lang='lat'><strong>·</strong></span> <span class='ocrx_word' id='word_1_250' title='bbox 121 2516 192 2558; x_wconf 86' lang='lat' dir='ltr'>autea</span> <span class='ocrx_word' id='word_1_251' title='bbox 206 2513 320 2570; x_wconf 70' lang='lat' dir='ltr'>oupertus</span> <span class='ocrx_word' id='word_1_252' title='bbox 331 2519 388 2556; x_wconf 90' lang='lat' dir='ltr'>sum</span> <span class='ocrx_word' id='word_1_253' title='bbox 408 2517 498 2567; x_wconf 81' lang='lat' dir='ltr'>parum</span> <span class='ocrx_word' id='word_1_254' title='bbox 515 2503 573 2551; x_wconf 84' lang='lat' dir='ltr'>fidei</span> <span class='ocrx_word' id='word_1_255' title='bbox 592 2503 690 2552; x_wconf 88' lang='lat' dir='ltr'>miseris</span> <span class='ocrx_word' id='word_1_256' title='bbox 709 2517 770 2552; x_wconf 88' lang='lat' dir='ltr'>esse.</span> <span class='ocrx_word' id='word_1_257' title='bbox 795 2504 845 2554; x_wconf 89' lang='lat' dir='ltr'>Nisi</span> <span class='ocrx_word' id='word_1_258' title='bbox 855 2511 891 2554; x_wconf 87' lang='lat' dir='ltr'>ta-</span> 
     </span>
     <span class='ocr_line' id='line_1_32' title="bbox 121 2577 889 2642; baseline -0.005 -13"><span class='ocrx_word' id='word_1_259' title='bbox 121 2594 176 2628; x_wconf 88' lang='lat' dir='ltr'>men</span> <span class='ocrx_word' id='word_1_260' title='bbox 190 2581 222 2642; x_wconf 76' lang='lat' dir='ltr'>(l)</span> <span class='ocrx_word' id='word_1_261' title='bbox 233 2579 350 2639; x_wconf 81' lang='lat' dir='ltr'>intellego</span> <span class='ocrx_word' id='word_1_262' title='bbox 366 2577 437 2624; x_wconf 87' lang='lat' dir='ltr'>illum</span> <span class='ocrx_word' id='word_1_263' title='bbox 451 2589 526 2637; x_wconf 84' lang='lat' dir='ltr'>supra</span> <span class='ocrx_word' id='word_1_264' title='bbox 533 2587 606 2636; x_wconf 80' lang='lat' dir='ltr'>quum</span> <span class='ocrx_word' id='word_1_265' title='bbox 619 2586 665 2631; x_wconf 75' lang='lat' dir='ltr'>ego</span> <span class='ocrx_word' id='word_1_266' title='bbox 677 2588 731 2622; x_wconf 89' lang='lat' dir='ltr'>sum</span> <span class='ocrx_word' id='word_1_267' title='bbox 739 2580 833 2636; x_wconf 81' lang='lat' dir='ltr'>petere,</span> <span class='ocrx_word' id='word_1_268' title='bbox 846 2589 889 2625; x_wconf 87' lang='lat' dir='ltr'>ue-</span> 
     </span>
     <span class='ocr_line' id='line_1_33' title="bbox 121 2648 887 2714; baseline -0.005 -15"><span class='ocrx_word' id='word_1_269' title='bbox 121 2665 168 2714; x_wconf 90' lang='lat' dir='ltr'>que</span> <span class='ocrx_word' id='word_1_270' title='bbox 181 2651 255 2699; x_wconf 86' lang='lat' dir='ltr'>simul</span> <span class='ocrx_word' id='word_1_271' title='bbox 271 2648 406 2698; x_wconf 84' lang='lat' dir='ltr'>aruicitium</span> <span class='ocrx_word' id='word_1_272' title='bbox 417 2652 526 2694; x_wconf 83' lang='lat' dir='ltr'>vostram</span> <span class='ocrx_word' id='word_1_273' title='bbox 537 2649 673 2704; x_wconf 83' lang='lat' dir='ltr'>etregnum</span> <span class='ocrx_word' id='word_1_274' title='bbox 684 2657 767 2693; x_wconf 86' lang='lat' dir='ltr'>meum</span> <span class='ocrx_word' id='word_1_275' title='bbox 778 2659 887 2708; x_wconf 82' lang='lat' dir='ltr'>sperare.</span> 
     </span>
    </p>
   </div>
   <div class='ocr_carea' id='block_1_9' title="bbox 102 2792 890 2970">
    <p class='ocr_par' dir='ltr' id='par_1_10' title="bbox 102 2792 890 2970">
     <span class='ocr_line' id='line_1_34' title="bbox 148 2792 890 2846; baseline 0.003 -11"><span class='ocrx_word' id='word_1_276' title='bbox 148 2794 183 2836; x_wconf 91' lang='lat' dir='ltr'>lll.</span> <span class='ocrx_word' id='word_1_277' title='bbox 194 2797 214 2837; x_wconf 89' lang='lat' dir='ltr'>l.</span> <span class='ocrx_word' id='word_1_278' title='bbox 231 2793 279 2837; x_wconf 76' lang='lat' dir='ltr'>Nisi</span> <span class='ocrx_word' id='word_1_279' title='bbox 290 2798 374 2841; x_wconf 82' lang='lat' dir='ltr'>tomen,</span> <span class='ocrx_word' id='word_1_280' title='bbox 391 2811 400 2831; x_wconf 73' lang='grc' dir='ltr'><strong><em>ι</em></strong></span> <span class='ocrx_word' id='word_1_281' title='bbox 412 2805 492 2846; x_wconf 81' lang='lat' dir='ltr'>sepeu-</span> <span class='ocrx_word' id='word_1_282' title='bbox 518 2792 615 2845; x_wconf 76' lang='lat' dir='ltr'>fortuna</span> <span class='ocrx_word' id='word_1_283' title='bbox 625 2801 694 2832; x_wconf 87' lang='lat' dir='ltr'>meo:</span> <span class='ocrx_word' id='word_1_284' title='bbox 708 2801 791 2833; x_wconf 82' lang='lat' dir='ltr'>comme</span> <span class='ocrx_word' id='word_1_285' title='bbox 802 2792 821 2834; x_wconf 81' lang='lat' dir='ltr'>si</span> <span class='ocrx_word' id='word_1_286' title='bbox 836 2793 890 2837; x_wconf 84' lang='lat' dir='ltr'>l&#39;uu·</span> 
     </span>
     <span class='ocr_line' id='line_1_35' title="bbox 118 2852 890 2910; baseline 0.005 -14"><span class='ocrx_word' id='word_1_287' title='bbox 118 2854 171 2896; x_wconf 86' lang='lat' dir='ltr'>daut</span> <span class='ocrx_word' id='word_1_288' title='bbox 181 2871 200 2905; x_wconf 81' lang='grc'>»,</span> <span class='ocrx_word' id='word_1_289' title='bbox 218 2868 241 2897; x_wconf 85' lang='lat' dir='ltr'>se</span> <span class='ocrx_word' id='word_1_290' title='bbox 253 2863 353 2910; x_wconf 85' lang='lat' dir='ltr'>rapporte</span> <span class='ocrx_word' id='word_1_291' title='bbox 367 2867 409 2897; x_wconf 79' lang='lat' dir='ltr'>aux</span> <span class='ocrx_word' id='word_1_292' title='bbox 420 2860 491 2895; x_wconf 87' lang='lat' dir='ltr'>muts:</span> <span class='ocrx_word' id='word_1_293' title='bbox 520 2860 570 2894; x_wconf 79' lang='lat' dir='ltr'>tour</span> <span class='ocrx_word' id='word_1_294' title='bbox 584 2852 648 2894; x_wconf 84' lang='lat' dir='ltr'>disoit</span> <span class='ocrx_word' id='word_1_295' title='bbox 662 2864 667 2893; x_wconf 95' lang='lat'><strong>:</strong></span> <span class='ocrx_word' id='word_1_296' title='bbox 688 2853 733 2894; x_wconf 78' lang='lat' dir='ltr'>nisi</span> <span class='ocrx_word' id='word_1_297' title='bbox 749 2855 827 2897; x_wconf 84' lang='lat' dir='ltr'>tomen</span> <span class='ocrx_word' id='word_1_298' title='bbox 848 2855 890 2900; x_wconf 85' lang='lat' dir='ltr'>hoo</span> 
     </span>
     <span class='ocr_line' id='line_1_36' title="bbox 102 2912 889 2970; baseline 0.003 -14"><span class='ocrx_word' id='word_1_299' title='bbox 102 2915 182 2969; x_wconf 74' lang='lat' dir='ltr'>plum</span> <span class='ocrx_word' id='word_1_300' title='bbox 194 2917 301 2961; x_wconf 76' lang='lat' dir='ltr'>scrihere</span> <span class='ocrx_word' id='word_1_301' title='bbox 308 2929 344 2961; x_wconf 87' lang='lat' dir='ltr'>me</span> <span class='ocrx_word' id='word_1_302' title='bbox 353 2916 494 2961; x_wconf 84' lang='lat' dir='ltr'>dehortatur</span> <span class='ocrx_word' id='word_1_303' title='bbox 521 2913 629 2965; x_wconf 70' lang='lat' dir='ltr'>scribom,</span> <span class='ocrx_word' id='word_1_304' title='bbox 639 2912 771 2970; x_wconf 73' lang='lat' dir='ltr'>iutelliqere</span> <span class='ocrx_word' id='word_1_305' title='bbox 781 2928 850 2958; x_wconf 74' lang='lat' dir='ltr'>me...</span> <span class='ocrx_word' id='word_1_306' title='bbox 864 2941 889 2950; x_wconf 84' lang='lat'>·-</span> 
     </span>
    </p>
   </div>
   <div class='ocr_carea' id='block_1_10' title="bbox 0 0 956 3216">
    <p class='ocr_par' dir='ltr' id='par_1_11' title="bbox 0 0 956 3216">
     <span class='ocr_line' id='line_1_37' title="bbox 0 0 956 3216; baseline 0 2"><span class='ocrx_word' id='word_1_307' title='bbox 0 0 956 3216; x_wconf 95' lang='lat' dir='ltr'> </span> 
     </span>
    </p>
   </div>
  </div>
 </body>
</html>
