1904 3216
99 170 130 217 38
403 168 567 217 ouationtts

99 285 314 339 intercluderetur.
324 283 482 331 consulemin
497 285 577 345 prima
596 285 647 332 acie
657 291 810 347 pugnantem
829 290 868 333 at-

99 371 147 418 que
163 357 311 405 hortantem.
334 353 401 402 inter
422 356 494 414 signa
520 355 626 402 Romana
641 355 744 415 telaque
758 354 868 403 hostium

98 434 235 478 versantem
249 441 255 475 :
271 431 354 486 postea
366 439 417 473 sea
432 432 562 488 conspectu
581 440 682 475 suorum
695 426 804 474 ablatum
817 444 824 475 ε
839 441 868 475 cx

97 499 203 561 strepitu
218 504 300 546 tamen
317 503 342 546 et
364 496 472 544 clamore
492 496 605 549 sensisse.
621 510 702 558 usque
721 496 751 544 ad
769 503 866 545 noctem

98 576 236 619 extractum
246 575 380 621 certamen,
391 581 437 614 nec
450 567 480 614 ad
494 569 617 614 tumutum
630 580 705 628 quem
715 566 768 628 ipse
779 572 867 616 tenue-

97 649 144 696 rat.
155 654 206 701 prae
218 637 378 687 multitudiue
385 637 492 686 hostium
502 637 603 686 credere
612 637 741 700 perrumpi
748 637 865 699 potuisse.

97 711 223 760 Exercitus
233 708 276 756 ubi
286 714 358 763 esset.
368 721 395 755 se
402 707 509 755 nescire:
521 707 647 762 arbitrari,
658 708 727 756 vetut
738 706 793 769 ipse
806 707 833 755 in
840 719 867 755 re

95 779 189 841 trepida
200 779 246 828 toci
260 776 376 840 praesidio
384 790 409 824 se
416 789 522 838 suosque
532 775 565 825 sit
577 780 681 832 tutatus,
692 775 729 825 sic
738 776 867 825 consulem

96 849 212 900 servandi
218 847 338 897 exercitus
350 860 422 896 causa
433 847 486 895 loca
500 848 591 895 tutiora
600 846 688 896 castris
701 846 804 910 cepisse.
820 847 867 896 Nec

96 923 239 970 Volscorum
254 919 370 967 meliores
391 930 432 966 res
451 930 505 966 esse
522 915 625 966 credere
636 930 711 978 quam
721 917 808 980 populi
820 918 867 967 Ro·

96 992 183 1040 mani:
202 990 331 1039 fortunam
344 992 491 1049 noctemque
506 986 589 1035 omniu
609 986 700 1037 erroris
716 988 800 1037 mutui
816 989 867 1037 im-

95 1067 182 1126 ptesse.
208 1062 401 1122 Precontemque
418 1057 516 1113 deinde.
536 1071 611 1107 nese
630 1059 724 1108 fessum
740 1058 825 1108 labore
837 1073 866 1110 ac

94 1131 241 1182 vulneribus
266 1135 389 1186 tenerent,
407 1143 463 1176 com
483 1127 580 1190 inperiti
594 1126 670 1176 laude
689 1142 740 1177 non
762 1129 864 1179 virtutis

94 1203 175 1265 acopis
187 1216 261 1266 quom
269 1199 447 1248 moderationis
458 1198 598 1247 dimissum.

436 1373 524 1423 xxxvl

93 1483 147 1547 Cap.
160 1482 200 1532 te.
216 1481 301 1533 Oratio
314 1479 393 1600 Scapt
403 1480 497 1601 tp'ppni
506 1479 596 1614 ppebcis)
605 1480 640 1530 od
655 1481 790 1548 Populum.
806 1482 859 1547 (att

384 1587 401 1610 .‚
446 1565 509 1600 av.

114 1676 138 1713 Μ.
145 1676 255 1714 Postumius
260 1675 381 1722 Regillensis.
388 1674 478 1712 tribunus
483 1674 573 1714 militum.
579 1674 640 1715 volas.
648 1675 861 1726 Equorumoppidnm.

92 1727 179 1768 ceperat.
190 1724 257 1758 Postea
268 1724 343 1757 ttummn
359 1720 461 1764 acoitegis
474 1721 584 1761 arcessitus.
600 1730 662 1770 quum
678 1722 754 1757 sextius
768 1720 861 1759 tribunus

92 1766 156 1812 ptehis
167 1767 252 1802 laturum
262 1775 284 1802 se
293 1765 356 1812 legem
372 1764 454 1807 diceret,
463 1767 486 1800 ut
495 1765 548 1800 votas
563 1765 625 1801 coloni
635 1767 774 1807 untterentur;
784 1775 861 1814 aequum

92 1810 144 1846 enim
155 1819 199 1846 esse
207 1821 242 1854 uui
251 1807 310 1845 armis
319 1807 424 1863 cepissent.
434 1809 579 1858 eorum'urbem
588 1817 697 1860 aurumque
705 1808 802 1845 Votanum
811 1819 859 1847 ease.

91 1852 271 1935 ‹tdttatumlquutem
281 1852 376 1891 militibus
386 1852 443 1895 meis,
452 1857 524 1900 tttqutt,
532 1863 569 1888 nisi
579 1854 697 1899 quieverint.
706 1863 718 1888 a
726 1854 774 1890 'tum
783 1853 860 1892 Sextius

91 1909 101 1933 a
127 1908 180 1945 popu
189 1908 234 1935 um:

116 1995 197 2037 'theme
209 1995 319 2037 ordinaire
329 1995 368 2037 des
377 1993 477 2036 tribuus:
488 1993 521 2037 les
536 1993 674 2049 presentiens
683 1994 714 2038 du
727 1993 817 2050 peupte.
826 1992 858 2038 uu

89 2063 135 2100 mot
146 2057 258 2110 injurieux
266 2055 340 2100 releve
351 2057 462 2099 vivement
474 2062 519 2098 sert
530 2056 636 2100 decadre.
739 2058 741 2063 ⁴

120 2153 225 2210 Auditis,
234 2152 351 2208 Quirites,
359 2153 425 2203 sicut
437 2153 614 2203 servismatum
621 2153 757 2204 minantem
771 2154 859 2219 (ssmi-

89 2224 193 2272 titiuust
205 2223 292 2271 Tamen
301 2225 354 2273 inec
362 2224 549 2285 beiluadignior
560 2224 628 2274 vobis
638 2230 704 2275 tanto
716 2227 812 2277 honore
820 2227 858 2275 ti·

88 2293 197 2349 debitur,
205 2306 278 2355 quam
293 2294 337 2354 qui
346 2307 389 2341 tos
401 2295 462 2343 urhe
473 2294 589 2356 agrisque
600 2296 703 2345 donatos
711 2298 736 2345 in
748 2297 857 2347 colentes

89 2364 201 2423 mittunt,
214 2364 256 2423 qui
266 2368 349 2412 sertem
361 2366 480 2413 senectuti
491 2373 580 2416 vestre
588 2367 750 2428 prospiciunt,
760 2369 804 2431 qui
813 2382 858 2431 pro

89 2435 179 2481 restris
191 2434 324 2481 comumdis
333 2434 447 2482 adversus
456 2447 503 2482 tarn
517 2437 577 2483 crud
588 2437 630 2484 tes
638 2437 807 2500 superbosque
815 2438 857 2487 ad·

88 2502 211 2550 versarios
229 2503 393 2562 depugnant?
407 2504 508 2567 lncipte
522 2508 610 2556 deinde
624 2505 710 2556 mirari
725 2521 772 2557 cur
784 2511 857 2572 pauet

85 2571 136 2632 jam
148 2581 252 2619 usuam
260 2574 395 2634 suscipiant
405 2588 503 2623 causam
510 2592 517 2633 ;
528 2578 587 2638 quid
599 2584 650 2627 uta
660 2578 730 2627 vobis
740 2581 855 2644 sperentt

87 2655 117 2688 an
129 2641 253 2690 honores?
264 2657 325 2704 quos
336 2645 482 2694 adversariis
492 2647 577 2696 vestris
590 2649 758 2712 potiusquam
769 2647 855 2716 popuii

113 2762 195 2805 XXXVI.
213 2765 232 2805 1.
253 2763 338 2805 italum
360 2765 457 2818 minori,
484 2769 586 2821 esclaves,
597 2769 630 2812 les
643 2782 718 2826 coups,
732 2783 854 2818 commacu

87 2828 174 2868 motum
191 2826 255 2875 dore,
273 2834 328 2868 inots
344 2828 456 2870 consecres
484 2829 504 2873 le
522 2833 566 2875 voit
582 2832 635 2875 dans
649 2832 682 2876 les
697 2835 772 2890 postet
787 2835 853 2879 0οωί-

87 2899 142 2939 pour
151 2888 252 2942 desipuer-
261 2888 281 2931 le
291 2890 408 2933 chatiineut
417 2893 455 2934 ties
482 2906 543 2948 ques.
