1904 3216
87 169 116 215 78
387 169 548 220 oanrtolts

86 284 147 346 quid
161 282 232 347 (llab
241 283 305 332 Urbe
315 284 413 346 longius
424 284 563 345 proferrent
574 295 652 338 arma,
669 283 747 342 magis
764 282 853 342 magis·

86 354 178 415 quein
202 354 313 401 imbelles
325 360 411 414 gentes
427 367 468 401 eos
487 352 585 413 prodire
606 366 612 398 ε
635 365 666 399 ne
687 350 854 399 Sidicinorum

86 424 312 485 Campanorumque
321 424 432 473 cladibus
447 423 594 471 Samnitium
607 422 762 471 aestbnarent
775 420 856 469 virtu-

86 502 136 543 tem
148 511 154 553 ;
169 494 360 556 qualescumque
373 494 439 543 inter
451 508 477 542 se
491 493 647 548 certaverint,
665 506 764 540 necesse
778 491 856 540 luisse

85 565 190 612 alteram
210 571 305 624 partem
325 563 398 612 rinei.
421 566 555 625 Campanos
576 563 677 624 quidem
697 560 856 610 hauddubie

86 635 165 694 magis
176 633 253 681 nimio
274 635 332 681 luxu
348 633 484 682 liuentibus
502 632 536 696 (l)
550 633 623 680 rebus
642 632 796 694 mollitiaque
810 644 856 679 sua

86 717 161 764 quam
176 703 199 750 vi
213 702 323 751 hostium
335 701 412 752 victos
425 717 486 752 esse.
498 702 560 758 Quid
572 710 656 750 autem
666 715 720 750 esse
736 702 786 749 duo
798 713 857 763 pro-
891 710 894 716 ’

87 786 158 834 spera
171 774 197 821 in
207 779 241 821 tot
252 772 351 822 saeculis
359 772 423 822 bella
430 774 587 827 Samnitium,
595 773 711 820 adversus
721 778 757 821 tot
767 772 856 820 decora

86 845 172 906 populi
183 843 301 893 Romani‘l
311 844 354 906 qui
364 844 502 907 triumphos
511 858 580 905 paene
592 844 677 906 plures
690 857 765 905 quam
781 857 857 892 annos

12 970 16 983 Ι
86 914 116 962 ab
131 914 195 963 llrbe
205 915 302 963 condita
314 922 456 970 numerent,
472 915 516 976 qni
527 914 682 962 omniacirca
693 921 729 971 se,
745 913 857 969 Sabinos,

87 983 218 1041 Etruriam,
232 984 337 1040 Latinos,
352 983 475 1036 llernicos.
487 982 584 1045 AEquos,
600 983 705 1038 Volscos,
718 985 857 1043 Auruncos,

86 1052 180 1101 domita
203 1053 281 1102 armis
297 1053 416 1112 babeant;
439 1052 482 1116 qui
502 1053 581 1102 Gallos
600 1059 636 1101 tot
653 1053 748 1113 proeliis
764 1066 855 1108 caesos,

87 1131 211 1185 postremo
224 1125 250 1172 in
262 1138 331 1174 mare
342 1139 370 1174 ae
381 1139 455 1173 naves
468 1125 528 1186 fuga
539 1123 706 1186 compulerint
719 1124 763 1186 (ὅ).
776 1123 857 1178 Quum

86 1193 167 1254 gloria
182 1194 243 1243 belli
255 1208 283 1243 ac
294 1194 386 1243 virtute
400 1209 445 1243 sua
461 1207 585 1257 quemque
600 1194 677 1242 fretos
690 1194 728 1242 ire
739 1192 765 1241 in
780 1192 857 1242 aciem

86 1263 185 1321 debere,
199 1271 253 1313 tum
263 1265 340 1313 etiam
353 1264 446 1313 intueri
463 1264 535 1325 eujus
547 1263 623 1312 ductu
641 1265 800 1326 auspicioque
817 1266 857 1312 in-

86 1334 166 1381 eunda
177 1348 260 1396 pugna
271 1334 312 1392 sit,
324 1340 409 1382 utrum
421 1333 463 1397 qui
480 1334 515 1396 (l)
527 1333 662 1382 audiendus
673 1334 794 1383 duntaxat
801 1347 858 1382 ma-

86 1402 193 1462 guiricus
205 1405 348 1453 adhortator
360 1405 401 1463 sit,
412 1404 493 1453 verbis
500 1411 597 1454 tantum
604 1407 679 1460 ferox,
691 1417 797 1466 operum
810 1404 858 1451 mi-

87 1473 199 1524 litarium
213 1490 314 1536 expers;
332 1489 364 1524 an
378 1475 422 1539 qui
435 1475 522 1538 etipse
536 1477 582 1525 tela
595 1483 711 1531 tractare,
722 1477 857 1537 procedere

86 1551 144 1594 ante
163 1546 241 1608 signa,
261 1547 352 1595 versari
369 1547 451 1596 media
463 1547 489 1595 in
505 1549 571 1596 mole
585 1560 675 1610 pugnae
692 1547 763 1596 sciat.
784 1547 857 1596 Facta

87 1627 151 1670 mea,
167 1629 216 1663 non
231 1615 304 1673 dicta,
320 1630 370 1664 vos.
382 1617 483 1674 milites,
495 1618 584 1682 inquit,
595 1619 665 1681 sequi
679 1618 858 1677 volumentis·

87 1683 203 1746 ciplinam
220 1686 300 1740 modo.
317 1687 360 1735 sed
372 1688 511 1749 exemplum
525 1689 624 1737 etiama
640 1702 681 1737 me
695 1698 785 1750 petere.
803 1688 857 1738 lion

86 1752 236 1804 factionibus
253 1755 297 1818 (5),
310 1770 356 1804 nec
368 1772 412 1818 per
424 1758 542 1807 coitiones
553 1760 657 1808 usitatas
667 1761 802 1816 nobilibus,
813 1758 858 1808 sed

86 1823 132 1872 hae
143 1824 224 1872 dextra
238 1825 300 1873 mihi
311 1832 363 1874 tres
372 1828 515 1877 consulatus
522 1842 695 1890 summamque
704 1828 802 1878 laudem
811 1843 856 1889 pe·

87 1894 151 1956 peri.
164 1895 217 1942 Fuit
227 1909 305 1956 quum
314 1896 359 1944 hoe
368 1896 415 1945 dici
427 1903 537 1959 poterat:
550 1898 671 1948 Patricius
679 1900 746 1947 enim
757 1912 822 1958 eras,
832 1906 858 1949 et

87 1965 287 2014 aliberatoribus
298 1967 385 2028 patriae
397 1974 468 2016 ortus
481 1969 529 2031 (6);
546 1975 571 2017 et
586 1969 673 2017 eodem
687 1981 750 2016 anno
760 1968 857 2017 familia

86 2033 133 2084 ista
148 2034 313 2092 consulatum,
331 2050 380 2098 quo
396 2037 455 2085 urbs
470 2038 523 2086 baec
537 2039 664 2087 consulem
680 2038 777 2087 habuit.
789 2039 858 2088 llunc

113 2156 180 2199 Lllll.
208 2159 228 2201 l.
258 2157 384 2214 Quidquid,
409 2160 458 2214 plus
485 2160 618 2211 seulement,
638 2160 672 2202 eh.
695 2159 745 2213 bb:
770 2159 857 2204 Deinde

87 2217 195 2272 expressis
209 2231 252 2273 que
269 2223 396 2275 quantum,
413 2232 460 2262 em·
485 2222 594 2276 Apuliam
602 2225 624 2264 et
632 2222 811 2275 morelnfernm
815 2234 858 2278 pe-

87 2279 149 2335 ployd
161 2280 251 2323 ailleurs
261 2294 288 2324 en
298 2282 367 2336 pareil
377 2295 420 2324 eas.
430 2280 459 2323 De
486 2282 584 2325 tierent.
595 2306 620 2313 -
634 2283 655 2325 l.
677 2283 756 2327 otram
772 2282 857 2336 (ductu

88 2344 166 2393 meme,
183 2342 220 2384 liv.
235 2342 287 2393 llll,
298 2345 332 2385 ch.
343 2343 356 2385 9
368 2355 373 2384 :
392 2340 465 2394 Quid·
486 2343 543 2396 ejus)
554 2343 858 2398 qni...maqniflcnaadbor-

87 2401 143 2457 quid
152 2405 374 2459 proprediebantnr,
385 2418 459 2462 nanque
487 2407 557 2454 tator,
575 2418 631 2459 pour
647 2407 759 2459 tanquam
776 2417 855 2461 παρη.

86 2465 461 2518 mnqisqnetnrbotoelioeteacer-
485 2464 540 2507 cdli.
558 2466 636 2509 Teutas
654 2465 686 2509 les
702 2465 792 2520 langres
806 2478 856 2521 per·

87 2525 180 2566 nebant,
189 2526 233 2569 —2
249 2527 393 2578 Ueientibus,
403 2541 459 2582 pour
485 2533 576 2569 mellent
585 2528 611 2569 de
618 2527 731 2581 presentat·
743 2540 787 2570 une
796 2540 856 2571 com-

87 2584 258 2638 distlnentibne.
274 2590 338 2632 Lucu
350 2589 423 2643 tium
435 2595 457 2632 et
483 2589 584 2642 paraison
597 2600 648 2630 sous
661 2588 731 2631 forme
748 2587 856 2643 d’apposi·

88 2646 200 2702 diffluere
209 2661 232 2690 se
244 2651 276 2692 ‹lit
284 2651 333 2705 plus
346 2651 458 2706 irequem-
484 2651 591 2692 tion—li.
604 2649 634 2691 011
644 2650 702 2691 lisait
710 2649 855 2702 factionibus

86 2716 146 2750 ment
154 2709 192 2750 des
202 2722 327 2763 personnes.
338 2735 364 2742 -
372 2713 393 2754 5.
404 2712 458 2755 Gal·
484 2710 557 2761 modo‚
568 2713 622 2753 mais
630 2710 737 2753 Crevier·
745 2723 774 2754 eu
780 2711 854 2754 raison

88 2770 144 2812 lon„
161 2773 186 2812 in
196 2784 261 2814 mare
275 2785 303 2814 cc
314 2785 383 2815 nonen
398 2774 457 2827 supa
484 2772 511 2815 de
525 2784 588 2827 rayer
597 2772 617 2813 la
627 2771 741 2832 particula.
756 2794 783 2804 ·-
798 2772 820 2816 6.
836 2773 853 2816 Δ

87 2832 243 2887 compulerint
269 2845 277 2874 .·
304 2833 457 2887 amplification
485 2833 651 2877 liberatoribna
662 2834 751 2889 patria
768 2837 854 2878 onus:

86 2894 189 2935 oratoire.
198 2892 253 2935 bans
260 2893 350 2937 lere'cit.
360 2894 418 2937 l'.·L.
426 2895 458 2937 dit
484 2895 511 2938 de
523 2895 613 2937 Publius
628 2892 725 2936 valerius
735 2893 852 2938 lbibbcola.
