1904 3216
341 149 380 198 EX
397 150 464 199 tttlt
480 150 568 200 bttttto
584 150 611 199 V.

87 266 192 323 luerint,
205 264 233 314 id
245 278 293 327 ego
306 265 354 314 boc
362 278 425 313 anno
437 263 645 314 desissedubituri
656 272 753 313 certum
761 264 841 312 habeo

86 344 112 385 et
124 349 208 399 quum
219 336 294 384 laetor
306 335 404 384 tandem
416 334 484 395 tongi
496 334 592 385 erroris
604 334 672 383 vobis
682 334 757 384 linem
771 336 847 383 tactor

87 416 213 462 secenum
223 404 290 465 quod
300 402 414 453 secundis
423 403 579 464 potissimum
589 404 677 453 vestris
687 405 762 453 rebus
776 403 817 453 bic
825 417 852 453 er

86 489 132 525 rot·
146 482 186 523 est
195 476 318 531 sublatus,
332 481 357 522 et
367 473 443 531 robis,
456 484 480 521 et
491 481 591 535 proptor
601 487 643 520 ros
654 473 798 534 teipoblicac
806 487 857 535 gra

87 546 167 595 tulor.
176 548 212 594 ln
220 552 259 593 est
270 546 400 607 quisquam
410 543 563 606 quidubitet,
572 543 649 592 nullis
656 544 758 605 iqjuriis
765 544 863 602 restris,

87 618 108 665 si
120 630 179 679 que
189 616 255 665 forte
265 614 399 677 aliquando
411 614 561 668 inciderunt.
577 628 685 676 onqoam
708 629 778 677 reque
790 630 866 678 quam

89 700 197 736 monete
207 687 309 735 Petrum
322 688 349 735 in
358 685 464 747 plebem,
476 699 554 747 quum
567 699 618 735 tera
629 687 795 736 militantibus
805 701 864 736 con-

89 758 180 806 stituta
192 766 261 807 sunt.
276 757 389 806 tribunos
400 756 477 815 plebis
485 757 591 805 offensos
605 772 634 807 oc
647 757 782 806 concitatos
795 758 867 806 esse?

90 828 157 885 uuio
167 828 225 877 illos
238 827 307 876 aliud
316 835 358 875 aut
368 834 424 876 tum
433 828 544 877 timuisse
556 828 668 891 credilis,
681 837 723 879 aut
733 829 805 878 hodie
812 837 865 878 tur

89 899 152 947 bure
165 898 239 952 velle,
251 896 300 944 nisi
310 896 467 944 concordiam
478 895 603 951 ordinum.
614 912 689 960 quam
704 898 865 947 dissolvendae

89 969 201 1017 maxime
213 966 352 1016 tribunitiae
363 967 491 1029 potestatis
503 974 594 1016 rentur
606 971 677 1018 esse?
693 971 740 1026 ¹bic,
751 970 864 1028 hercule,

90 1046 213 1101 tunquam
231 1038 338 1086 artitices
359 1036 466 1098 improbi
490 1036 533 1100 tl).
548 1052 610 1101 opus
625 1047 742 1101 quaerunt
758 1054 764 1086 :
782 1040 866 1101 quiet

90 1124 193 1172 semper
207 1109 270 1158 aesri
285 1107 378 1170 aliquid
388 1121 442 1156 esse
459 1107 485 1156 in
495 1109 621 1169 republica
636 1113 731 1166 rotant,
748 1115 778 1158 ul
788 1111 822 1158 sit
834 1111 864 1159 ad

90 1184 166 1242 cnjus
180 1180 357 1229 curatiooetna
371 1178 440 1227 robis
451 1179 624 1227 adhibeantur.
642 1178 727 1227 Utrum
742 1179 809 1227 ertim
821 1178 865 1227 de-

92 1252 205 1309 fenditis,
219 1264 249 1298 tm
260 1249 412 1311 impugnatis
424 1248 538 1310 plebem?
549 1255 635 1297 utrum
647 1250 810 1298 militantium
824 1250 866 1298 ed·

91 1321 199 1372 versarii
214 1320 284 1375 estis,
294 1334 325 1368 en
339 1333 438 1368 causatu
453 1321 544 1380 agitis?
556 1320 606 1368 bisi
627 1324 691 1369 t'ortc
702 1322 750 1369 lroc
761 1320 844 1369 dicitis
857 1335 864 1368 ε

91 1409 105 1440 ι
120 1388 249 1452 Quidquid
263 1390 453 1446 Pattresl'aciunt,
466 1390 590 1451 displicet,
600 1390 651 1438 sire
659 1390 722 1439 illud
734 1404 777 1451 pto
783 1389 864 1452 plebe,

90 1463 144 1513 sive
155 1470 242 1510 contra
255 1460 351 1521 plebem
364 1467 410 1508 est.
428 1476 439 1505 l
452 1460 489 1515 Et,
504 1461 710 1522 quemadmodum
726 1464 805 1511 serris
814 1463 866 1510 sois

91 1540 178 1581 vetant
186 1529 282 1579 domini
293 1528 427 1590 quidquam
440 1529 541 1578 reicunt
554 1530 642 1578 aliems
651 1531 793 1579 horninibus
802 1546 865 1588 esse,

92 1604 237 1666 pariterque
251 1601 277 1649 in
289 1600 452 1648 bisbcnelicio
463 1614 492 1649 ac
504 1602 623 1649 nralolicio
633 1603 751 1650 abstineri
766 1617 866 1665 acquum

91 1680 205 1727 censent,
215 1671 251 1719 sic
264 1684 306 1718 ros
315 1669 463 1718 interdicitis
475 1671 589 1719 Patribus
603 1675 750 1721 conunorcio
765 1673 864 1734 plebis:

92 1757 183 1793 nenos
195 1741 311 1791 mittitote
322 1753 350 1787 ac
361 1741 529 1789 munificentia
546 1749 628 1789 nostra
641 1756 800 1804 provocemus
812 1744 867 1804 ple·

92 1815 159 1869 berti.
175 1826 223 1861 nec
238 1812 308 1873 plebs
319 1811 392 1859 notos
409 1811 473 1860 dicto
487 1812 590 1860 audiens
604 1821 677 1875 atique
691 1814 809 1862 obediens
822 1815 865 1866 sit.

92 1888 189 1940 Quaoto
203 1882 313 1936 tandem,
327 1882 348 1928 si
364 1881 498 1942 quidquam
517 1882 542 1929 in
557 1884 625 1931 robis
642 1898 690 1931 non
705 1885 760 1931 dico
775 1886 863 1940 civilis

94 1956 134 2003 red
147 1953 252 2003 ltuumni
263 1959 336 2003 esset.
347 1955 429 1999 lavere
440 1966 482 1999 rus
494 1953 581 2009 iringis,
592 1960 615 1999 et
628 1964 748 2013 quantuni
762 1956 786 2001 in
797 1954 866 2003 robis

98 2036 166 2081 esset,
181 2023 312 2082 indulgere
323 2022 403 2083 potius
417 2022 526 2069 comitati
544 2023 644 2070 l‘atrum
656 2031 730 2083 atquc
746 2025 864 2085 obsequio

103 2097 170 2144 debis
184 2092 313 2154 opntuit?
327 2105 382 2152 qum
392 2093 411 2139 si
425 2102 543 2153 pop-tuo
556 2094 684 2141 cortcordia
699 2095 740 2148 sit,
751 2096 807 2155 quis
818 2108 866 2144 non

108 2166 219 2227 pondere
235 2161 302 2210 ausit
313 2162 447 2210 moxitnum
463 2162 651 2224 bocinqmriorn
669 2163 734 2212 inter
747 2162 867 2213 tnrttiruos

112 2237 163 2285 rori
178 2236 295 2282 loturum
306 2233 380 2280 esse?

121 2342 144 2383 tt.
157 2339 259 2391 Naeuius
269 2337 289 2381 la
299 2337 368 2379 sotto
377 2350 400 2379 se
411 2337 515 2391 plaignait
529 2339 554 2379 dr
572 2339 643 2381 servir
657 2338 741 2380 t'tltott
755 2352 789 2381 ses
805 2340 866 2390 irtio,

123 2402 236 2453 'tuurd'lmi
248 2392 465 2450 institutionum
477 2402 531 2443 nmis
542 2414 597 2455 pour
608 2415 650 2444 une
660 2401 720 2443 soldc
735 2403 837 2444 annucllu
851 2402 867 2443 il

131 2475 140 2509 t
149 2480 181 2508 uu
191 2465 278 2507 seruire
288 2464 375 2505 annucl.

138 2560 228 2605 xxt'ttt.
255 2563 274 2602 l.
298 2560 402 2611 Artifices
429 2560 470 2600 im·
496 2560 869 2614 consequentuitriirmlAiusilessa-

139 2626 170 2669 bi.
180 2622 269 2675 signitic
279 2622 307 2663 ici
322 2627 368 2663 tout
382 2623 471 2674 simplo·
496 2621 534 2664 bri
546 2621 645 2676 improbi
654 2631 703 2664 sont
712 2636 765 2675 pctus
779 2624 791 2665 d
801 2636 825 2666 so
834 2622 870 2664 rb·

147 2684 297 2727 tarlisamet
304 2683 469 2733 oottrnc'dceios,
494 2684 555 2737 jouir
562 2684 613 2725 d'un
621 2685 728 2741 incendic,
738 2686 777 2739 qui
786 2685 832 2727 doit
837 2684 870 2726 les

147 2762 180 2790 mc
189 2759 219 2788 ou
229 2747 257 2787 l'u
267 2744 332 2799 pense
343 2744 354 2785 d
364 2758 429 2786 causo
443 2745 470 2787 dc
497 2745 576 2786 rctnlrc
586 2744 727 2793 occasiones,
738 2753 760 2787 et
770 2758 797 2788 en
805 2744 871 2799 gloe-

153 2843 160 2861 ,
170 2810 210 2864 qui
225 2813 259 2851 esl
268 2805 367 2860 emplopc
376 2808 469 2856 cusuite,
497 2807 561 2847 raldo
570 2814 630 2849 teuto
637 2807 770 2849 destruction
777 2808 815 2860 qui
821 2806 871 2848 leur

158 2872 215 2913 dans
224 2881 315 2911 uuscns
324 2868 470 2922 ligurqetpar
496 2877 582 2925 promel
598 2870 626 2915 dc
646 2870 795 2925 l'uecuput'tou
810 2876 835 2914 ut
848 2868 881 2913 ibe
