1904 3216
290 199 325 248 EX
342 197 411 248 nttll
429 195 514 245 otono
530 191 615 242 xxm.
787 183 830 233 tot

65 318 201 369 «Hostium
213 317 266 380 cepi
281 315 341 364 hina
357 319 446 367 castra,
459 328 470 358 a
485 308 575 372 praeda
589 305 701 355 videlicet
718 304 792 365 plena
807 307 833 379 et

63 397 258 443 commeatuum
277 387 452 435 «frumentum
468 388 494 431 et
515 378 645 443 pecuniam
663 375 754 424 date.»
770 369 833 425 Quid

64 461 134 510 aliud
151 461 173 509 si
180 459 307 521 spoliatus,
316 456 337 505 si
349 460 436 503 exutus
448 451 534 501 castris
547 462 621 503 esses,
633 443 749 509 pctores‘t
763 440 793 489 Et
803 453 835 518 nc

64 531 150 581 omnia
160 530 213 592 ipse
223 528 301 576 mirer
310 525 379 590 (mihi
391 521 572 587 quoqueenim,
586 517 706 581 quoniam
718 510 833 592 respondi

64 599 207 657 Himilconi,
216 588 723 655 interrrogarejusiasqueest],velinrseu
732 580 841 664 Himilco

64 691 112 727 seu
124 676 192 737 iiago
207 672 371 734 respondeat:
387 682 465 730 quum
478 666 510 714 ad
522 662 718 715 internecionem
732 659 834 735 liomam

64 745 165 808 imperii
173 749 309 808 pugnatum
320 741 351 789 ad
366 738 461 787 Cannas
474 738 515 789 sit.
523 739 667 796 constetque
680 731 705 779 in
719 727 844 809 deiectio·-

66 829 125 864 nem
144 820 219 863 totam
232 812 327 860 italiam
339 821 392 857 esse
410 807 452 869 (in
470 804 580 868 primum
597 801 684 865 ecquis
697 799 776 848 Latum
794 807 849 843 no·-

66 883 144 936 minis
159 885 264 950 populus
274 879 395 930 defecerit
408 877 438 926 ad
452 876 515 925 nost
526 874 625 932 deinde,
635 872 719 934 ecquis
728 871 839 946 homoex

67 956 179 1021 quinque
188 963 212 1004 et
220 953 325 1015 triginta
334 947 486 998 tribubusad
495 937 854 1001 Hannibalemuanstugern‘r

94 1079 157 1123 ouum
166 1081 271 1126 utrumque
281 1075 335 1121 tingo
345 1077 448 1121 negasset:

103 1176 213 1225 Hostium
229 1174 332 1237 quidem
349 1183 418 1231 ergo,
434 1167 525 1232 inquit,
540 1166 621 1214 adhuc
640 1162 715 1210 nimis
734 1160 842 1237 multum

67 1253 192 1309 superest.
203 1246 248 1295 Sed
260 1241 394 1292 multitudo
408 1253 437 1290 ea
453 1238 512 1301 quid
523 1236 672 1295 animorum,
684 1230 775 1294 quidve
790 1242 854 1292 spec

68 1317 245 1377 harenosum
261 1314 344 1364 velim.

94 1439 158 1482 uuum
168 1438 188 1477 id
197 1438 274 1477 nescire
283 1438 337 1485 lngo
348 1438 432 1478 diceret:

102 1533 169 1584 nihil
178 1535 276 1584 tacilius
288 1536 352 1584 scitu
362 1542 407 1593 est,
425 1536 514 1601 inquit.
529 1537 622 1600 Ecquos
635 1536 727 1599 legatos
739 1539 770 1587 ad
780 1537 842 1587 flan-

68 1606 182 1657 nihalem
193 1606 425 1655 Romanimiserunt
432 1607 652 1670 depucetecquam
660 1607 767 1670 denique
774 1622 842 1657 men·

67 1677 164 1727 tionem
179 1677 245 1739 pacis
255 1678 336 1726 Romae
350 1677 440 1727 iactam
457 1692 519 1735 esse,
531 1679 633 1727 allatum
643 1678 673 1726 ad
686 1692 727 1727 aos
743 1679 799 1728 est?

103 1747 198 1796 Bellum
215 1747 300 1808 igitur,
316 1748 404 1812 inquit.
418 1756 469 1797 tam
494 1751 620 1810 integrum
634 1749 754 1798 habemus
768 1763 843 1810 quam

68 1818 204 1867 habuimus
216 1830 265 1880 qua
278 1819 318 1867 die
335 1819 452 1867 Hannibal
465 1819 491 1868 in
506 1819 600 1868 ltaliam
611 1827 649 1867 est
658 1826 842 1880 transgressus.

68 1890 148 1944 Quam
158 1888 225 1937 varia
238 1889 340 1938 victoria
358 1890 439 1952 priore
458 1891 549 1939 Punico
563 1891 630 1940 bello
642 1891 673 1954 (ὅ)
689 1891 774 1948 fuerit,
788 1891 842 1952 pie-

66 1960 144 2022 rique
161 1959 205 2022 qni
223 1961 419 2021 meminerimus,
437 1975 606 2024 supersumus.
622 1962 752 2026 Nunquam
775 1970 841 2010 terra

67 2027 186 2091 marique
195 2030 273 2093 magis
284 2041 551 2092 prosper-mresuostrae
560 2033 618 2082 risco
626 2039 776 2094 sunt,quum
785 2038 844 2079 ante

66 2099 185 2149 consules
196 2100 221 2150 C.
232 2101 354 2149 Lutatium
370 2109 394 2149 et
404 2100 431 2149 A.
442 2102 591 2151 Postumium
597 2102 810 2152 fuerunt.Lutatio
819 2107 844 2149 et

66 2168 196 2219 Postumio
209 2171 362 2223 consulibus.
379 2172 464 2220 devicti
483 2175 514 2220 nd
530 2173 623 2233 AEgutes
636 2173 731 2222 insulas
745 2184 841 2220 sumus.

65 2315 89 2360 2.
101 2311 130 2357 In
143 2312 318 2368 desectionem...
335 2325 381 2355 esse
397 2325 410 2355 a
424 2313 445 2355 le
472 2312 522 2353 daut
532 2325 567 2354 cos
578 2320 640 2362 muts,
652 2323 708 2366 pour
717 2311 738 2354 la
747 2323 797 2353 sens
808 2311 844 2355 de

67 2376 142 2420 meme
151 2387 202 2419 aeus
211 2388 253 2431 que
264 2375 284 2417 la
292 2376 387 2418 locution
395 2374 445 2429 plus
472 2374 523 2416 licat
531 2374 558 2417 de
573 2372 689 2424 Tite-Line,
700 2374 800 2416 aui-aient
816 2387 844 2418 eu

67 2436 186 2492 frequente
195 2436 228 2480 ad
239 2437 445 2492 desectionemape·
471 2437 581 2491 peut-otro
595 2447 639 2479 une
652 2436 719 2478 teiuto
733 2435 843 2479 d'aiieeta-

67 2502 144 2551 ctare,
158 2500 214 2542 mnis
233 2499 265 2541 dit
281 2512 310 2541 un
327 2511 369 2554 pou
386 2498 443 2554 plus.
472 2497 844 2541 tion.naustos1ettrosaussihion

67 2561 129 2607 Nous
135 2561 269 2616 n'aronspas
279 2560 444 2603 besoindcdiro
471 2569 514 2612 que
523 2557 577 2600 dans
586 2557 619 2600 les
634 2564 691 2608 arta,
708 2558 741 2600 les
756 2560 845 2601 enciens

68 2636 114 2680 que
122 2623 200 2680 depuis
209 2636 280 2679 quum
289 2622 321 2665 ad
330 2623 443 2666 internec.
472 2632 498 2662 ne
507 2621 632 2673 poussnient
640 2632 678 2675 pas
685 2619 809 2664 inlusione
818 2633 844 2664 co

69 2685 161 2729 Hannon
188 2692 249 2728 entre
282 2685 445 2740 irouiquement
472 2681 538 2737 degne
555 2694 599 2737 que
617 2682 661 2726 l'on
676 2684 737 2737 erige
754 2681 843 2738 auiour-

68 2747 124 2790 (iana
137 2746 159 2789 le
177 2757 227 2788 sens
245 2745 273 2788 de
292 2744 375 2800 flegon.
386 2767 411 2778 -
420 2745 441 2789 3.
470 2745 537 2788 d'hui.
547 2745 619 2790 suris
628 2744 809 2789 consuliutatus
822 2751 845 2786 ut

71 2807 154 2853 Priore
168 2806 255 2852 Punico
269 2805 336 2850 betto.
352 2806 380 2849 Le
393 2806 445 2849 Gir·-
470 2807 491 2850 la
499 2807 588 2851 botnillo
597 2808 636 2851 des
644 2807 686 2851 iles
695 2798 781 2861 ligatos,
793 2817 841 2861 aoy.

70 2871 180 2925 thaginois
206 2870 278 2912 aurait
309 2870 381 2911 micui
413 2869 445 2911 dit
471 2868 492 2910 le
509 2870 605 2924 premier
620 2868 678 2913 iliae.
693 2867 819 2915 &Rmnm
834 2865 854 2906 ‘a

68 2933 152 2989 priore
166 2932 268 2976 Romano
280 2930 354 2984 belim·
366 2943 446 2989 cepen-
471 2929 494 2976 ia
504 2944 561 2991 page
570 2932 622 2979 tto
