1904 3216
104 189 149 240 528
406 188 567 238 ORthONES

102 305 168 368 jecta
179 305 257 354 oculis
273 305 411 362 referrem
426 317 515 364 neque,
533 300 622 350 relicto
636 315 713 364 regno
730 314 794 357 meo,
812 303 879 365 quod

90 418 92 423 .
104 376 215 439 amplum
225 383 251 425 et
257 374 388 436 egregium
399 388 442 422 vos
456 373 556 423 lecistis,
571 385 641 422 mare
653 378 749 420 tantum
761 373 878 434 trajecis-

105 459 166 503 sem,
181 453 209 496 ut
222 459 282 495 vana
299 444 329 492 ad
346 457 386 492 vos
404 443 530 492 atterendo
549 443 624 491 fidem
641 444 790 503 abrogarem
804 445 877 493 mihi.

105 515 239 566 Cernebam
252 514 421 563 nobilissimas
436 515 496 562 Asiae
511 517 537 562 et
549 512 650 563 Graeciae
657 513 768 562 civitates
788 514 880 567 indies

105 587 183 650 magis
195 586 348 636 denudantes
357 584 388 647 t8l
395 583 489 646 judicia
504 598 558 640 sua,
571 597 636 640 mox,
649 585 670 634 si
681 585 880 646 permitteretur,

51 688 54 693 ‹
105 671 135 707 eo
149 669 316 717 processuras,
327 654 395 703 unde
405 660 533 716 receptum
545 653 577 703 ad
589 655 758 716 poenitendum
773 669 823 704 non
837 657 882 704 ha·

104 727 200 776 berent.
210 727 343 776 Cerneham
352 726 449 783 Persea,
458 738 508 773 non
519 725 686 775 continentem
698 740 726 775 se
733 727 881 778 Macedoniae

105 811 192 859 regno,
206 797 254 847 alia
271 796 348 845 ermis
366 803 537 858 occupantem,
552 796 609 853 alia,
628 810 686 860 quce
698 797 722 846 vi
736 798 820 859 subigi
831 813 880 847 non

105 874 219 930 possunt,
237 868 320 916 lavore
342 879 370 916 ac
390 865 561 916 benevolentia
580 866 791 929 complectentem.
810 869 882 918 Vide·

105 941 163 988 bam
177 952 253 1000 quam
264 938 347 999 impar
358 944 423 986 esset
429 950 494 994 sors,
505 950 584 1000 quum
593 937 636 986 ille
645 937 715 986 vobis
726 938 820 986 bellum
831 939 882 1004 [pa-

106 1007 180 1074 raret]
197 1008 238 1072 (9),
250 1007 326 1057 rosei
337 1021 450 1056 securam
462 1020 546 1070 pacem
560 1008 722 1070 praestcretis;
739 1023 882 1071 quanquam

105 1081 170 1130 mihi
184 1080 287 1142 quidem
296 1092 346 1127 non
357 1092 455 1140 parare,
466 1079 508 1127 sed
520 1092 609 1140 gerere
622 1092 694 1140 paene
706 1079 800 1129 bellum
812 1082 881 1131 vide-

105 1152 189 1201 batur.
203 1149 348 1213 Abrupolim
365 1149 425 1212 (till,
442 1149 538 1199 socium
554 1157 629 1211 atque
643 1151 749 1199 amicum
760 1159 880 1211 vestrum.

105 1235 184 1285 regno
196 1221 300 1284 erpnlit,
312 1221 485 1269 Arthetaurum
501 1220 619 1282 illyrium,
636 1221 693 1282 quia
705 1222 797 1284 scripta
812 1223 842 1272 ab
853 1237 882 1273 eo

107 1294 220 1355 quaedam
230 1292 298 1342 vobis
308 1291 440 1352 comperit,
454 1292 549 1339 socium
562 1290 624 1338 item
636 1297 710 1350 atque
723 1292 831 1341 amioum
842 1307 883 1342 re·

47 1360 50 1371 '
106 1367 195 1419 strum,
204 1361 334 1411 interiecit.
345 1362 463 1410 Euersam
475 1366 500 1410 et
508 1360 661 1410 Callicritum
668 1361 802 1419 Thebanos,
811 1363 883 1424 prin·

107 1433 173 1496 cipes
196 1431 314 1488 civitatis‚
335 1431 396 1494 quia
414 1431 519 1480 liberius
533 1430 652 1479 adversus
666 1445 722 1479 eum
737 1432 763 1479 in
778 1433 883 1481 concilio

107 1503 250 1551 Boeotorum
265 1502 341 1551 locuti
349 1504 457 1558 fuerant,
468 1503 641 1563 delaturosque
648 1502 679 1550 ad
692 1516 742 1558 vos,
752 1516 808 1564 quoe
822 1518 883 1564 age-

107 1580 205 1630 rentur,
220 1573 324 1635 professi
338 1579 418 1630 erant‚
436 1573 558 1621 tollendos
573 1573 678 1621 curavit.
697 1573 821 1622 Auxilium
833 1576 882 1636 By-

108 1645 195 1693 zantiis
214 1644 333 1693 adversus
355 1635 435 1691 fredus
457 1643 523 1699 tulit,
545 1643 653 1704 Dolopiae
675 1644 769 1693 bellum
786 1646 883 1702 intulit,

107 1714 256 1764 Thessaliam
271 1720 297 1762 et
307 1713 422 1762 Doridem
430 1727 487 1761 cum
498 1715 607 1762 exercitu
617 1715 732 1774 pervasit,
745 1717 808 1764 utin
819 1715 883 1765 bello

108 1783 881 1845 intestinodeteriorispartisauxiliomelioremasssigeret.Con

107 1856 173 1906 ludit
182 1862 206 1905 et
212 1855 313 1905 miscuit
319 1855 401 1904 omnia
409 1855 433 1903 in
446 1855 569 1903 Thessalia
577 1855 769 1918 Perrhaebinque
780 1857 830 1920 (tlt
838 1872 882 1920 spe

107 1942 227 1978 novarum
245 1929 395 1984 tabularum¹
413 1933 442 1976 ut
458 1940 534 1974 manu
554 1925 696 1974 debitorum
712 1926 816 1975 obnoxia
833 1928 880 1976 sibi

108 1999 240 2063 optimates
247 1999 410 2061 opprimeret.

140 2070 197 2118 llaec
209 2084 287 2131 quum
306 2069 374 2118 robis
389 2067 575 2131 quiescentibus
587 2074 611 2116 et
623 2068 774 2129 patientibus
785 2068 880 2124 fecerit.

109 2146 134 2191 et
156 2154 294 2189 concessam
313 2140 361 2188 sibi
380 2139 498 2188 Graeciam
517 2152 570 2188 esse
586 2153 600 2186 a
623 2138 692 2188 vobis
716 2139 813 2198 videat;
836 2154 882 2201 pro

110 2217 177 2260 certo
187 2211 269 2266 habet,
284 2210 411 2259 neminem
432 2209 489 2266 sibi,
503 2214 635 2272 antequam
654 2209 680 2258 in
697 2209 791 2259 Italiam
806 2209 882 2273 traje-

112 2367 192 2412 Tootis
202 2380 257 2422 pour
271 2379 333 2423 aeque
345 2366 444 2422 moenis.
454 2388 481 2398 -
507 2378 535 2409 ne
544 2378 601 2409 nous
616 2373 650 2410 est
670 2379 708 2420 pas
720 2368 882 2412 suthsomment

110 2429 130 2472 8.
143 2429 289 2471 Deuudontes
298 2442 354 2484 pour
370 2428 479 2484 operiere·
507 2439 590 2477 counu;
608 2428 629 2471 le
647 2428 703 2471 recit
724 2430 771 2472 s'en
787 2429 893 2472 trouvait'

111 2491 478 2535 ies.hucornmencementdubisc.
507 2490 881 2544 donsoeltepartiodullvrehhldc

110 2551 349 2600 CCILTite-hireditdo
357 2552 428 2593 memo
438 2563 443 2592 τ
454 2550 478 2592 P.
508 2551 804 2608 Titehtvequtestperdue.
814 2555 880 2598 -11,

110 2612 193 2654 Nasica
203 2612 332 2654 denarravit
343 2612 402 2655 mitt
411 2624 480 2654 suum
509 2614 648 2666 Perrhaebia,
669 2628 719 2671 pays
735 2621 881 2670 montegneur

110 2673 242 2714 currilium.
249 2696 275 2704 —
283 2675 303 2716 9.
311 2675 411 2718 Paroret
418 2688 427 2726 ;
435 2681 480 2717 mot
508 2689 536 2718 nu
547 2677 600 2720 nord
610 2677 639 2720 du
650 2677 720 2720 heure
729 2677 806 2720 Peneo.
815 2678 883 2723 Novae

111 2734 183 2787 ojoute
208 2748 247 2789 por
267 2735 373 2780 Gronove.
400 2760 427 2768 -
446 2737 479 2780 to.
509 2739 603 2791 tabule,
623 2740 736 2791 abolition,
754 2742 882 2786 annulation

110 2795 242 2851 Abrupolis,
257 2810 288 2839 un
303 2797 342 2840 dos
355 2799 421 2854 petits
436 2799 481 2840 rois
509 2801 546 2842 des
556 2801 638 2853 dottes;
654 2813 701 2857 roy.
712 2813 753 2845 nos
768 2809 832 2845 notes
842 2815 882 2847 sur

112 2858 139 2901 de
163 2860 183 2901 la
200 2859 290 2901 Thraco.
311 2860 339 2904 ho
362 2860 427 2904 detail
443 2861 481 2903 cles
509 2861 542 2904 les
571 2862 733 2915 Gatilimn'rec,
763 2875 818 2921 page
846 2865 881 2918 56,

103 2919 206 2976 [scitequi
217 2929 267 2966 ront
279 2923 327 2966 o'tre
344 2922 483 2967 montionuos
510 2923 592 2968 notul.
