1904 3216
88 211 118 256 lt
392 204 553 254 ORATIONES

85 321 181 371 Vallum
195 320 342 382 fossamque,
359 319 467 381 ingentis
483 327 616 381 utramque
629 333 685 370 rem
704 319 797 382 operis,
812 333 856 382 per

86 397 182 440 tantum
196 389 269 450 spatii
286 391 409 438 duxerunt
427 405 433 437 :
450 391 549 438 castella
564 390 645 451 primo
667 403 753 452 pauca,
774 397 857 451 postea

85 461 197 511 exercitu
207 467 279 509 aucto
293 460 442 509 creberrima
456 459 572 508 fecerunt
587 474 593 508 :
605 459 759 508 munitiones
770 473 819 507 non
831 459 856 507 in

88 533 175 580 urbem
189 533 269 587 modo,
285 531 327 580 sed
342 531 368 579 iu
381 531 507 581 Etruriam
519 531 596 579 etiam
609 537 756 590 spectantes.
773 528 795 578 si
808 543 857 591 qua

87 604 144 652 inde
154 601 243 651 auxilia
252 602 362 659 veniant,
372 614 517 663 opposuere.
527 600 589 656 Quid
599 607 692 657 turrea,
702 599 762 662 quid
774 599 858 649 vineas

87 673 272 733 testudinesque
280 679 305 721 et
315 672 392 720 alium
403 672 624 734 oppugnandarum
636 672 739 721 urbium
753 684 858 732 appara·

87 749 150 798 tum,
166 743 272 804 loquar?
286 742 367 798 Quum
376 749 472 791 tantum
484 744 576 792 laboris
589 738 734 793 exhaustum
740 741 782 799 sit,
791 747 817 791 el
827 742 858 791 ad

88 813 161 861 linem
169 812 222 875 jam
229 813 313 876 operis
321 814 420 862 tandem
434 819 588 875 perventum.
598 813 796 874 relinquendane
805 814 858 862 baec

86 884 200 941 censetis,
215 890 243 931 ut
255 884 285 931 ad
301 890 411 932 aestatem
420 897 509 932 rursus
520 898 598 934 novus
612 885 642 932 de
655 885 755 944 integro
773 884 800 945 (Ἴ
817 882 858 933 bia

87 953 248 1002 instituendis
265 954 400 1002 exsudetur
418 953 502 1002 labori
518 953 613 1009 Quanto
628 959 665 1003 eet
682 953 766 1001 minus
783 966 858 1017 opera

87 1022 154 1070 tueri
168 1023 240 1079 lacta,
255 1029 280 1070 et
295 1022 387 1071 instare
400 1021 769 1084 etparseverarauetungique
781 1023 858 1073 cural

87 1091 172 1142 Brevis
182 1092 250 1142 enim
259 1093 414 1155 profectores
424 1101 469 1149 est,
477 1093 499 1142 si
510 1108 561 1143 uno
570 1100 654 1144 tenore
664 1094 802 1156 peragitur,
813 1108 859 1145 nec

88 1163 137 1226 ipsi
147 1178 191 1227 per
202 1164 400 1214 intermissiones
412 1165 455 1213 lias
461 1164 638 1223 intervallaque
645 1165 777 1214 lentiorem
790 1179 859 1228 spem

88 1240 198 1284 nostram
208 1235 320 1284 iacimus.
331 1235 461 1298 loquorde
470 1250 544 1299 opere
553 1239 614 1286 etde
623 1237 743 1301 temporis
751 1229 858 1298 jactura.

89 1307 172 1363 Quid‘l
194 1307 312 1369 periculi,
335 1308 400 1370 quod
419 1307 560 1357 differendo
584 1309 650 1358 bello
668 1308 777 1365 adimus,
791 1322 859 1359 num

89 1379 202 1428 oblivisci
216 1392 261 1427 nos
278 1379 331 1428 haec
347 1388 398 1428 tam
412 1381 498 1429 crebra
518 1380 622 1429 Etruriae
640 1380 743 1429 concilia
757 1380 789 1429 de
801 1380 860 1429 mit-

89 1451 171 1499 tendis
185 1449 254 1499 veios
271 1451 370 1499 auxiliis
382 1451 532 1513 patiuntur?
549 1452 578 1500 Ut
595 1465 662 1500 nunc
676 1465 716 1500 res
729 1464 756 1499 so
775 1451 856 1510 babet,

88 1521 148 1570 irati
161 1531 227 1581 sunt,
241 1523 356 1578 oderunt,
368 1530 463 1588 negant
474 1524 593 1570 missuros
609 1538 615 1570 :
631 1528 751 1584 quantum
765 1521 792 1569 in
808 1522 860 1572 illia

89 1599 133 1649 est,
151 1607 238 1656 capere
256 1593 326 1642 Veios
341 1595 407 1642 licet.
429 1593 487 1648 Quis
500 1600 536 1642 est
548 1593 590 1656 qui
605 1593 723 1654 spondeat
741 1592 859 1648 eundem,

88 1662 109 1711 si
124 1662 243 1712 differtur
255 1662 357 1716 bellum.
371 1662 482 1712 animum
492 1670 575 1724 postea
585 1664 656 1711 torel
666 1677 752 1724 quum,
763 1662 861 1711 silatu-

88 1739 202 1782 mentum
215 1734 322 1786 dederis.
333 1734 410 1794 major
422 1733 627 1796 trequentiorque
637 1731 728 1794 legatio
741 1733 808 1781 itura
817 1731 859 1791 sit,

88 1817 175 1865 quum,
190 1805 215 1853 id
226 1804 290 1866 quod
299 1817 364 1852 nuno
375 1803 479 1852 oilcndit
492 1804 614 1862 Etruscos,
627 1817 670 1852 rex
679 1801 858 1857 creatusleiis‚

89 1874 168 1936 spatio
186 1873 278 1922 mutari
293 1874 439 1935 interposito
456 1879 541 1937 possit,
556 1874 595 1922 vel
609 1887 729 1923 consensu
743 1873 859 1931 civitatis,

89 1952 117 1994 ut
129 1958 157 1994 eo
171 1945 333 1993 reconcilient
347 1945 452 1993 Etruriae
469 1944 574 2001 animoa,
589 1945 627 1993 rel
643 1943 721 2006 ipsius
735 1943 861 1994 voluntate

89 2015 167 2077 regis,
177 2015 222 2076 qui
236 2015 334 2064 obstare
344 2029 449 2075 regnum
462 2029 536 2064 suum
549 2014 623 2064 saluti
633 2012 726 2063 civium
740 2013 814 2063 nolit.

114 2128 152 2174 ll.
165 2130 345 2186 Recepitulation.
355 2130 400 2180 Que
410 2129 436 2172 de
446 2142 511 2171 maur
521 2128 553 2171 les
562 2128 648 2171 tribune
657 2127 780 2183 appellent!

120 2219 145 2266 l.
159 2219 243 2268 Videte
252 2225 311 2281 quot
320 2232 369 2275 ros,
383 2230 457 2278 quarn
470 2216 571 2265 inutiles
587 2214 632 2276 (8),
647 2220 784 2276 sequantur
793 2215 861 2265 illam

86 2291 156 2338 aiam
171 2289 271 2339 consilii
289 2302 295 2336 :
308 2287 404 2349 jactura
418 2300 523 2347 operum
540 2292 608 2335 tanto
623 2286 709 2334 labore
718 2287 859 2346 factorum

90 2360 194 2411 vastatio
206 2358 340 2407 imminens
354 2358 442 2406 linium
456 2362 611 2414 nostrorum
623 2358 752 2405 Etruscum
767 2358 861 2408 bellum

91 2444 136 2492 pro
160 2430 260 2478 Veiente
278 2430 435 2477 concitatum.
457 2427 513 2477 flac
529 2435 602 2486 sunt,
616 2425 730 2484 Tribuni,
757 2427 862 2476 consilia

90 2507 179 2554 vestra,
195 2514 253 2556 non,
267 2499 376 2554 hercule,
392 2498 519 2547 dissimilia
532 2498 591 2548 acsi
601 2499 659 2560 quis
669 2510 747 2560 regno,
758 2498 802 2560 qui
813 2513 862 2548 cu·

90 2572 142 2620 rari
160 2585 187 2620 se
204 2571 302 2619 fortiter
318 2583 415 2631 passus,
436 2570 559 2628 extemplo
582 2570 752 2618 convalescere
772 2570 860 2631 poscit,

90 2642 140 2690 cibi
155 2641 234 2701 gratia
246 2641 375 2702 praesentis
385 2645 428 2688 aut
439 2640 554 2702 potionis,
567 2639 735 2703 longinquum
747 2645 773 2689 et
787 2640 862 2690 sorsi-

84 2717 131 2761 xtan
143 2712 306 2762 insanabilem
319 2711 435 2760 morbum
449 2709 548 2758 alliciat.

88 2821 178 2877 leparti
192 2820 219 2864 de
235 2831 341 2875 renvoyer
354 2819 376 2861 le
394 2816 465 2860 soldat
490 2827 538 2872 roy.
553 2815 655 2859 lanctel
671 2815 701 2858 du
717 2814 773 2859 illoc.
789 2814 862 2862 CLXX.

90 2895 146 2937 pour
155 2882 233 2925 l'biver
241 2883 295 2924 dans
304 2893 339 2924 ses
348 2880 426 2935 loyors.
437 2902 463 2910 -
491 2901 517 2908 —
525 2877 546 2921 8.
564 2876 660 2921 inutilia
675 2888 757 2921 raom
771 2884 863 2923 scuram

87 2943 115 2993 Γ)
128 2943 220 2987 Rursus
234 2955 307 2986 nocue
326 2941 356 2985 de
372 2941 464 2996 inthro
491 2939 589 2984 laforca
607 2938 634 2983 dc
656 2939 813 2996 mitiores.
836 2962 864 2973 -
