1904 3216
317 218 354 267 EX
371 218 439 267 utu
455 217 540 268 nitito
557 219 617 270 XXI.
806 223 850 273 itt

115 329 169 375 Sans
180 341 375 383 marcessere
386 335 459 386 espoir
470 333 497 376 de
509 346 604 386 secoms,
616 347 641 378 ce
651 335 718 389 qu'on
728 336 777 378 leur
786 337 852 380 taisse

87 400 122 436 est
130 404 209 436 encore
221 404 252 434 un
265 392 361 436 bieuiait.
371 417 398 425 —
412 393 467 436 Tout
478 395 528 437 leur
537 407 585 438 sora
596 396 639 448 dte,
650 396 738 451 excepte
751 398 801 440 lem·
807 405 852 441 ter·

86 455 174 504 ritoire,
191 454 247 496 mais
263 454 291 496 ils
302 455 402 496 n'auront
418 467 456 509 pas
469 456 496 498 de
511 456 619 499 violenoos
635 458 648 499 d
662 457 730 499 subir.
746 481 772 490 -
783 459 853 502 (leder

87 516 191 559 adoueira
206 514 227 558 lo
239 516 397 571 quinquennii
410 525 461 560 saut
472 519 546 579 mieus
556 519 635 574 perdre
648 518 681 562 les
695 519 759 564 biens
771 533 815 578 que
831 521 853 564 ta

87 579 132 630 vie,
144 577 166 620 la
173 576 260 621 uberte.

119 693 211 744 Sieivis
219 700 303 745 vester
311 696 393 760 dloon,
403 696 467 746 siout
477 697 508 745 ad
516 709 602 758 pacem
611 698 743 759 petendam
753 699 783 748 ad
790 701 854 750 flan-

87 761 196 812 nibalem
207 765 281 822 venit,
293 765 328 813 ita
344 765 412 827 pacis
420 764 574 814 conditiones
586 767 617 816 ab
627 767 760 817 Hannibale
769 769 800 817 ad
810 783 853 819 vos

87 832 222 890 retulisset,
237 847 443 895 supervacaneum
456 835 504 883 hoc
512 833 575 883 mibi
586 835 672 885 fuisset
681 837 796 899 itemquo
807 853 853 890 nec

87 910 174 951 orator
185 902 336 961 Hannibalis,
349 918 394 952 nec
404 905 572 966 transfugaad
584 918 625 953 vos
631 905 764 954 venissem.
772 906 853 961 Quum

88 973 169 1036 [vero]
182 972 233 1031 ille,
242 981 284 1023 eut
296 982 377 1023 vestra
388 983 433 1023 aut
444 989 488 1023 sua
500 975 582 1037 eulpa,
594 975 712 1024 manserit
722 976 788 1038 apud
796 976 853 1026 bos·

85 1048 138 1092 tem
149 1043 213 1108 (sua,
227 1043 250 1092 si
263 1051 355 1093 metum
370 1044 508 1103 simulavit3
522 1051 612 1102 vestra,
627 1045 649 1094 si
661 1047 801 1108 perieulum
814 1051 853 1096 est

86 1114 153 1176 apud
161 1127 204 1163 vos
215 1127 274 1163 vera
283 1116 454 1176 referentibus)
471 1131 477 1163 :
486 1129 542 1176 ego,
552 1129 584 1164 ne
591 1115 739 1177 ignoraretis
749 1130 803 1166 esse
810 1117 853 1166 ali·

86 1195 151 1244 quas
163 1189 188 1231 et
202 1180 289 1231 salutis
308 1189 335 1230 et
345 1183 410 1244 pacis
428 1183 498 1233 vobis
514 1183 677 1247 conditiones,
692 1197 739 1247 pro
756 1190 853 1234 vetusto

87 1252 204 1315 bospitio,
218 1253 285 1316 quod
299 1252 361 1302 mibi
376 1253 503 1302 vobiscum
519 1257 565 1310 est,
582 1253 613 1302 ad
628 1267 671 1303 vos
688 1253 753 1302 veni.
768 1253 853 1304 Vestra

86 1327 171 1371 autem
182 1336 256 1372 eausa
270 1336 318 1379 me,
330 1337 376 1372 nec
393 1323 472 1371 ullius
489 1322 600 1378 alterius.
614 1324 682 1388 loqui
697 1337 754 1386 quae
767 1323 852 1385 loquor

86 1392 151 1452 apud
159 1404 210 1447 vos,
217 1390 256 1440 rel
265 1405 295 1440 ea
301 1390 362 1440 fides
373 1391 407 1440 sit
416 1391 459 1453 (1),
467 1391 532 1453 quod
540 1404 621 1453 neque
630 1392 691 1440 dum
698 1390 786 1440 vestris
793 1392 853 1441 viri·

86 1462 135 1511 bus
147 1461 281 1526 restitistis,
292 1475 373 1524 neque
384 1463 444 1510 dum
455 1461 546 1510 auxilia
557 1462 588 1510 ab
601 1462 715 1512 itomanis
724 1461 851 1525 sperastis,

85 1530 155 1593 pacis
165 1544 274 1593 unquam
282 1532 346 1593 apud
353 1544 394 1580 vos
401 1531 550 1580 mentionem
557 1531 614 1580 ieci.
626 1532 759 1594 Postquam
769 1545 814 1581 neo
821 1532 852 1582 ab

87 1601 203 1651 Romanis
214 1601 283 1651 vobis
296 1602 391 1650 ullaest
402 1615 521 1662 spes‚nee
530 1609 611 1650 vestra
620 1603 720 1665 rosjam
732 1607 775 1650 aut
782 1616 851 1652 arma

87 1678 131 1719 aut
144 1671 235 1720 moenia
245 1670 304 1721 satis
315 1671 461 1728 dorensium,
476 1684 561 1732 paceni
577 1671 654 1720 attero
669 1671 700 1719 ad
716 1685 760 1721 vos
774 1673 853 1734 magis

87 1741 250 1790 neeessariam
261 1755 334 1805 quam
344 1755 440 1802 aequam
454 1755 460 1788 ε
475 1739 545 1801 cujus
558 1740 592 1789 ita
606 1741 688 1804 aliqua
703 1756 759 1806 spes
770 1749 815 1804 est,
830 1743 853 1792 si

87 1823 152 1868 eam,
167 1811 373 1873 quemadmodum
383 1815 412 1859 ut
426 1810 504 1859 vietor
517 1810 567 1859 sert
576 1811 703 1870 Hannibal,
720 1812 758 1861 sio
771 1826 815 1861 vos
825 1821 853 1861 ut

88 1881 147 1931 victi
154 1882 261 1931 audiatis
266 1883 303 1938 ;si
314 1895 364 1931 non
376 1881 402 1929 id
409 1880 614 1942 quodamittitur‚
626 1881 653 1930 in
663 1882 754 1930 damno
766 1884 853 1945 (quum

88 1950 172 2000 omnia
184 1952 285 2000 victoris
295 1951 363 2013 sint).
379 1950 421 1998 sed
436 1949 556 2012 quidquid
568 1950 726 2014 relinquitur,
738 1965 782 2014 pro
797 1966 852 2001 mu-

87 2034 147 2070 nere
157 2021 269 2070 babituri
282 2021 351 2069 estis.
365 2020 455 2069 Urbem
469 2021 546 2075 vobis,
558 2033 633 2082 quam
644 2035 674 2069 ex
683 2035 772 2082 magua
783 2030 853 2085 parte

89 2091 207 2150 dirutam,
218 2096 314 2154 captam
328 2092 380 2140 fere
396 2097 471 2138 totam
481 2089 565 2153 habet,
577 2089 676 2146 adimit;
691 2103 764 2151 agros
777 2092 853 2140 retin-

88 2162 152 2224 quit,
161 2161 244 2212 locum
256 2167 430 2225 assignaturus
441 2161 467 2208 in
481 2173 529 2223 quo
539 2173 629 2208 novum
641 2161 758 2223 oppidum
774 2162 853 2210 sedid-

89 2232 157 2281 eetis.
170 2233 264 2281 burum
275 2238 524 2294 etargentumomne.
532 2230 658 2290 pubiicum
671 2229 852 2294 privatumque,

91 2301 122 2350 ad
130 2315 156 2350 se
164 2301 238 2362 jubet
246 2303 353 2359 deterri3
366 2314 468 2362 corpora
479 2308 569 2354 vestra,
582 2299 716 2360 conjugum
724 2313 752 2348 ae
762 2300 852 2350 libero·

89 2383 147 2420 rom
164 2379 315 2426 vestrorum,
332 2381 412 2420 servat
424 2370 548 2424 inviolata,
564 2368 585 2417 si
600 2371 706 2418 inermes
720 2382 777 2418 oum
788 2370 854 2420 binis

90 2441 243 2490 vestimentis
259 2441 341 2490 velitis
360 2441 494 2504 asagonto
518 2440 594 2488 exire.
614 2439 669 2488 Haec
682 2439 758 2488 vietor
775 2441 853 2490 bostis

90 2509 195 2572 imperat
207 2525 214 2558 τ
226 2510 288 2568 haeo,
295 2523 436 2572 quanquam
449 2516 506 2557 sunt
517 2509 602 2570 gravia
610 2516 683 2571 atque
694 2511 790 2567 acerba,
803 2513 853 2560 for·

90 2585 149 2628 tuna
158 2587 241 2629 vestra
251 2580 321 2629 vobis
334 2580 428 2628 suadet.
445 2579 562 2640 Equidem
574 2579 638 2627 iiaud
652 2579 764 2642 despero,
774 2595 853 2644 quum

91 2650 201 2698 omnium
207 2656 314 2712 potestas
321 2650 345 2699 ei
352 2650 414 2698 tacta
423 2649 463 2708 sit,
469 2649 562 2711 aliquid
570 2663 599 2698 ex
605 2650 644 2698 his
651 2653 725 2699 rebus
731 2653 853 2701 remissu-

90 2732 156 2768 rum.
167 2719 214 2768 Sed
226 2719 264 2768 vel
274 2721 327 2769 baeo
336 2719 451 2783 patienda
457 2733 543 2768 censeo
552 2720 634 2781 potius
648 2735 722 2782 quam
735 2721 853 2771 trucidari

117 2861 228 2923 ambil.
250 2865 270 2906 1.
299 2863 335 2906 iet
354 2875 382 2905 eo
402 2861 457 2912 fides
481 2867 570 2918 potest,
586 2875 618 2910 ou
636 2867 673 2910 oei
695 2879 725 2910 er
753 2877 779 2907 eo
800 2863 871 2907 credi

91 2926 128 2980 eit,
138 2925 257 2983 pontem
272 2924 297 2968 in
308 2924 458 2983 eofidouem
481 2933 570 2986 potest,
