1904 3216
89 158 136 206 216
395 154 557 203 Onnitonns

88 279 147 325 tres;
160 271 175 315 il
185 276 220 315 est
227 274 300 326 temps
309 269 336 314 de
345 281 369 312 se
378 280 483 324 reposer;
491 267 634 324 l'expericnce
643 279 671 310 en
679 269 761 323 inspiro
771 267 792 310 le
801 269 863 312 dtsir

87 337 99 379 a
109 332 229 377 Hannibal:
240 333 327 388 Scipion
336 330 481 375 atlendrn-l-il
491 342 525 372 scs
532 330 620 382 leconsl
628 329 745 386 -Scipion
751 332 862 386 triumphe,

87 408 172 438 comme
189 393 318 448 triomphali
331 392 390 447 iadis
405 390 523 442 Hanniba13
542 391 682 446 aujourd'hui
698 391 805 434 Hannibal
826 395 864 436 de-

87 457 194 500 maudein
205 456 254 512 pair
264 468 269 498 ι
280 454 388 510 Scipione
402 466 462 496 assez
472 453 499 496 de
509 453 578 508 gloire
594 465 650 508 pour
666 465 693 496 ne
710 466 748 509 pos
766 454 786 496 la
802 468 864 498 com-

87 525 166 563 mellre
176 532 217 560 nux
227 518 319 561 chaneos
330 516 382 559 d'un
392 515 485 558 combot.
496 514 518 557 Si
528 513 625 570 Regulus
639 516 677 558 etit
686 528 713 558 su
723 515 835 569 s'arreten
846 519 862 560 il

87 582 147 624 n'edt
155 581 216 638 point
230 578 265 622 tte
281 579 409 621 minen-
423 575 528 632 Carthago
538 576 594 619 oiire
610 588 646 619 ses
662 577 793 630 conditione,
809 579 864 622 c'est

88 641 193 686 Hannibal
203 642 240 696 qui
251 639 312 696 piu-le
321 649 378 694 pour
394 636 445 688 elle,
457 643 505 681 tout
520 637 614 693 garantit
627 636 648 680 la
664 638 749 681 sincere
759 639 864 683 observa-

88 706 135 747 tion
145 704 175 747 du
183 701 256 746 traitt.

121 810 145 860 Si
159 807 302 859 hocitaiato
311 807 466 864 decurrerat,
476 807 668 871 ut‚quiprimus
680 809 776 858 bollum
784 810 863 860 intuli

88 881 179 946 populo
191 880 309 936 Romano,
327 879 421 942 quique
433 879 507 929 toties
527 894 604 943 prope
622 879 649 928 in
663 881 779 930 manibus
788 881 865 932 victo-

89 951 153 1002 riam
165 949 250 1006 habui,
265 949 288 998 is
299 950 369 998 ultro
378 949 410 998 ad
421 963 504 1011 pacem
515 950 644 1010 petendam
655 950 779 1010 venirem;
790 954 865 1002 laetor

87 1026 117 1070 te
130 1019 193 1069 mihi
207 1025 273 1068 sorte
294 1019 449 1083 potissimum
468 1018 554 1068 datum
567 1033 581 1066 a
603 1033 652 1082 quo
666 1027 784 1082 peterem.
810 1022 864 1072 Tibi

91 1103 189 1154 quoque
202 1089 269 1139 inter
285 1089 363 1138 multa
373 1089 473 1151 egregia
486 1102 535 1137 non
551 1089 578 1137 in
592 1090 688 1139 ultimis
698 1091 799 1139 laudum
816 1092 864 1142 hoc

90 1160 178 1217 tuerit,
196 1159 365 1216 Hannibalem,
380 1159 419 1208 cui
434 1165 470 1206 tot
485 1159 516 1206 de
532 1158 648 1208 Romanis
661 1159 767 1208 ducibus
787 1160 865 1209 victo·

90 1230 154 1280 riam
164 1229 201 1279 dii
212 1230 345 1286 dedissent,
358 1229 404 1277 tibi
412 1229 512 1278 cessisse
520 1244 525 1283 ;
534 1235 610 1291 teque
619 1228 678 1277 huic
686 1230 760 1288 bello,
771 1233 864 1281 vestris

91 1300 248 1363 priusquam
261 1299 352 1349 nostris
367 1298 477 1348 cladibus
494 1299 595 1358 insigni,
611 1300 686 1347 finem
706 1299 863 1362 imposuisse.

92 1370 141 1420 lloc
152 1383 250 1433 quoque
264 1370 400 1419 ludibrium
409 1370 480 1418 castis
490 1369 594 1418 ediderit
607 1370 715 1426 fortuna,
728 1377 766 1428 ut,
784 1385 864 1433 quum

91 1445 163 1501 patre
175 1443 219 1487 tuo
230 1440 330 1487 consule
340 1439 529 1500 ceperimarma‚
537 1452 594 1488 cum
605 1439 864 1502 eodemprimumllo-

91 1509 397 1570 manoimperatoresigna
405 1510 553 1558 contulerim
562 1510 726 1573 (ll‚adlilium
735 1512 864 1573 ejusiner-

92 1580 177 1630 misad
185 1593 270 1643 pacem
276 1580 407 1642 petendam
413 1581 519 1628 veniam.
528 1581 651 1643 Optimum
661 1581 761 1642 quidem
772 1583 862 1641 iuerat,

93 1662 148 1699 eam
158 1650 269 1712 patribus
286 1647 376 1699 nostris
386 1657 495 1700 mentem
509 1649 592 1699 datam
605 1651 635 1699 ab
654 1651 701 1699 diis
714 1665 776 1706 esse,
796 1660 826 1702 ut
838 1662 865 1704 et

93 1733 137 1770 vos
147 1721 230 1780 ltalioe,
251 1728 276 1770 et
287 1734 331 1769 nos
343 1721 431 1771 Airicae
441 1723 545 1783 imperio
559 1722 669 1770 contenti
681 1716 804 1773 essemus:
817 1738 864 1774 ne-

94 1804 144 1853 que
158 1791 225 1840 enim
236 1803 267 1838 ne
278 1791 347 1839 vobis
359 1791 460 1854 quidem
473 1791 553 1840 Sicilia
561 1806 588 1840 ac
600 1791 713 1840 Sardinia
722 1793 780 1842 satis
789 1794 863 1854 digna

94 1861 174 1924 pretia
185 1867 242 1911 snut
255 1875 299 1922 pro
313 1868 349 1911 tot
372 1861 498 1918 classibus,
522 1867 560 1911 tot
575 1863 730 1920 exercitibus,
756 1869 791 1913 tot
811 1871 864 1914 tam

94 1931 202 1995 egregiis
213 1931 432 1982 amissisducibus.
439 1933 486 1981 Sed
491 1932 616 1994 praeterita
625 1932 704 1993 magis
714 1936 865 1996 reprehendi

94 2008 196 2067 possunt
206 2016 280 2066 quam
290 2002 391 2064 corrigi.
407 2005 442 2052 lta
456 2003 535 2052 aliena
550 2004 723 2064 appetivimus,
734 2010 762 2052 ut
776 2006 806 2054 de
820 2021 865 2056 no·

94 2074 154 2124 stris
164 2073 348 2131 dimicaremus,
357 2087 402 2122 nec
411 2073 511 2122 inltalia
519 2074 599 2122 solum
608 2072 864 2132 vobisbellum,nobis

95 2144 214 2195 intirim
228 2152 304 2194 esset:
320 2145 363 2194 sed
375 2151 401 2193 et
413 2159 454 2192 ros
462 2145 487 2191 in
498 2144 575 2206 portis
584 2144 673 2192 vestris
682 2158 758 2206 prope
766 2161 794 2194 ac
802 2161 864 2196 mre·

94 2216 168 2265 nibus
182 2216 250 2277 signa
265 2228 382 2277 armaque
393 2214 504 2262 bostium
515 2213 623 2271 vidistis;
631 2220 657 2262 el
667 2228 711 2262 nos
722 2216 752 2264 ab
760 2216 864 2265 Cartha-

96 2286 154 2347 gine
166 2286 294 2335 tremitum
308 2292 442 2334 castrorum
454 2287 617 2334 Romanorum
628 2286 781 2334 exaudimus.
795 2288 865 2343 Quod

99 2355 341 2416 igituruosmaxime
353 2355 534 2412 abominamur,
553 2367 595 2402 vos
611 2362 695 2403 autem
709 2364 766 2405 ante
782 2360 865 2408 omnia

97 2427 216 2489 optaretis
225 2425 264 2473 :in
272 2425 374 2474 meliore
380 2430 460 2474 vestra
466 2424 752 2487 lortunndepaceagitur.
764 2428 865 2486 Agimus

97 2495 126 2553 ii,
139 2508 246 2556 quorum
254 2500 279 2542 et
287 2493 393 2542 maxime
405 2493 509 2542 interest
521 2506 606 2554 pacem
622 2507 684 2552 esse,
697 2501 721 2544 et
730 2499 773 2558 qui
787 2496 866 2557 quod-

97 2579 203 2627 cumque
210 2565 344 2626 egerimus,
355 2571 439 2614 ratum
447 2563 557 2612 civitates
569 2571 660 2614 nostrae
670 2567 791 2614 babiturae
800 2568 864 2619 sint:

97 2635 180 2686 mimo
196 2640 294 2684 tentum
305 2634 377 2684 nobis
394 2648 455 2697 opus
473 2640 508 2682 est
521 2647 571 2682 non
583 2635 732 2683 abhorrente
745 2650 759 2683 a
775 2638 866 2696 quietis

98 2748 179 2793 (mill.
208 2749 324 2805 comparer
352 2749 386 2792 les
413 2749 470 2793 deux
496 2748 568 2805 sipon
585 2749 864 2792 contulerim:llnnuil›al

99 2811 199 2856 discours
215 2810 264 2867 plus
282 2810 371 2867 simplos
386 2810 414 2855 de
430 2809 471 2854 Po·
496 2809 553 2853 erite
569 2807 595 2852 de
612 2810 659 2852 dire
676 2823 742 2867 quem
758 2811 864 2854 vicerim.

100 2870 158 2928 lybs,
174 2871 212 2915 liv.
228 2869 268 2925 xv,
285 2872 320 2914 ch.
339 2871 384 2916 6-8.
402 2894 431 2904 -
447 2874 469 2916 i.
495 2871 551 2914 -2
562 2871 705 2922 Senem‚mot
723 2873 791 2913 clroisi
809 2885 865 2928 pour
