1904 3216
88 182 135 233 nn
393 179 554 232 onanonus
624 150 626 155 ’

88 301 168 348 status
176 297 269 360 prioris
278 299 379 349 oblivio.
388 299 450 350 llam
462 300 506 362 qui
516 299 625 349 multum
637 297 665 349 in
674 312 780 350 suorum
788 299 864 351 misc-

87 368 197 418 ricordia
204 375 307 430 ponunt,
317 370 435 430 ignorant
447 383 523 433 quam
532 369 647 419 celeriter
659 369 768 420 lacrimae
779 370 865 421 inare-

88 444 165 490 scant.
179 437 254 488 llemo
268 439 376 489 fideliter
386 440 471 502 diligit
482 453 556 502 quem
568 438 664 488 fastidit
669 454 676 497 ;
690 453 748 489 nam
759 447 785 490 ct
795 442 865 501 cala-

88 511 161 560 mitas
174 509 280 573 querula
288 514 335 566 est,
350 514 376 560 et
387 510 493 572 superba
502 509 615 560 felicitas.
627 509 664 559 lta
675 524 747 560 suam
756 511 865 576 quisque

88 581 213 631 fortunam
225 579 252 628 in
261 579 366 631 consilio
374 582 448 631 habet
458 581 501 644 (l),
513 593 592 641 quum
601 581 631 630 de
642 580 722 630 alicua
731 581 864 633 deliberat.

65 678 68 684 ·
89 651 141 702 liisi
153 656 242 701 mutuo
253 665 365 701 essemus
378 651 474 708 miseri,
490 650 551 700 olim
562 650 625 700 alius
641 651 684 701 alii
694 653 866 714 potuissemus

41 718 45 733 ⁸
89 735 144 774 esse
154 722 254 772 fastidio
265 739 271 769 :
283 722 344 784 quid
354 722 448 772 mirum
460 728 506 779 est,
517 723 657 772 fortunatos
667 737 765 786 semper
776 738 866 787 parem

89 791 336 856 quarerelobsecro
346 805 399 850 vos,
409 792 469 840 olim
478 791 529 841 vita
536 791 662 840 defuncti:
674 805 817 854 quaeramns
826 793 867 844 lo·

89 877 156 921 cum,
169 863 196 912 in
210 875 260 926 quo
272 862 327 912 haec
338 877 434 912 semesa
446 863 558 911 membra
569 863 714 920 obruamus,
725 862 769 912 ubi
780 864 868 914 borri-

89 935 152 984 biles
166 933 295 983 cicatrices
306 933 368 983 celet
380 933 491 982 exilium.
505 933 572 982 Grati
585 946 690 994 prorsus
704 933 865 997 conjugibus,

90 1018 153 1068 quas
163 1004 267 1067 juvenes
286 1003 410 1061 duximus
430 1005 602 1052 revertemur!
623 1003 705 1052 Liberi
723 1003 749 1051 in
763 1003 825 1053 ilore
840 1010 867 1055 et

88 1075 170 1127 aetatis
177 1080 202 1124 et
207 1088 295 1124 rerum
301 1081 433 1136 agnoscent
439 1074 657 1136 patres‚ergastuli
663 1074 812 1124 detrimenta
820 1075 865 1140 (2).

90 1146 120 1196 tlt
129 1149 206 1209 quota
219 1159 278 1207 pars
290 1143 369 1193 nostri
380 1148 417 1192 tot
428 1143 499 1193 obire
511 1149 593 1194 terras
607 1143 703 1207 potest?
713 1138 802 1194 Pr'ocnl
815 1145 867 1195 llu-

89 1230 150 1279 ropa
161 1217 188 1265 in
201 1216 291 1264 ultima
308 1213 415 1263 Orientis
427 1213 540 1276 relegati,
555 1227 635 1268 senes.
654 1213 755 1272 debiles,
770 1213 867 1276 majore

90 1288 262 1337 membrorum
280 1291 353 1348 parte
366 1284 490 1344 mulctati,
509 1285 674 1335 tolerabimus
689 1285 791 1344 scilicet,
808 1300 868 1349 quae

90 1363 200 1407 armatos
218 1361 243 1407 et
261 1356 367 1405 victores
385 1353 533 1416 fatigarunt!
548 1355 674 1417 ,conjuges
688 1355 785 1412 deiude,
804 1369 868 1418 quas

91 1428 169 1490 caplis
179 1427 230 1476 iors
242 1431 267 1475 et
277 1423 410 1474 necessitas
422 1424 525 1474 unicum
537 1425 655 1474 solatium
667 1423 797 1487 apphcuit,
809 1439 868 1488 par·

91 1512 183 1560 rosque
203 1497 305 1554 liberos,
327 1494 449 1544 trahimus
469 1494 609 1554 nobiscum,
630 1508 662 1543 an
681 1494 868 1558 relinquimus?

92 1568 154 1618 (lum
171 1567 212 1616 his
225 1568 349 1616 venientes
365 1577 437 1613 nemo
451 1572 584 1627 agnoscere
601 1565 674 1615 volet.
687 1564 869 1628 Relinquemns

91 1652 152 1700 ergo
162 1638 283 1698 extemplo
291 1638 423 1698 praesentia
431 1637 544 1699 pignora,
555 1649 634 1697 quum
644 1635 769 1684 incertum
781 1636 826 1695 sit,
835 1651 869 1687 an
882 1699 885 1704 Ι

92 1707 172 1758 visuri
187 1707 266 1756 simus
277 1707 384 1768 illaque
399 1706 524 1770 petimus?
536 1705 604 1756 lnter
616 1706 663 1756 bos
676 1704 806 1756 latendum
817 1712 866 1767 est,

94 1779 193 1842 quinos
203 1777 307 1827 miseros
317 1790 390 1826 nosse
401 1779 536 1839 coeperunt.

463 2000 496 2053 xl

110 2165 167 2229 Cap.
179 2164 217 2212 tt.
229 2161 315 2214 Oratio
330 2161 446 2212 Theaeteto*
457 2160 614 2212 Atheniensis
626 2135 746 2209 adversus
760 2159 854 2210 Eucte-

358 2232 438 2282 monis
449 2231 607 2280 sententiam.

121 2377 230 2420 l'homme
241 2373 305 2429 piens
315 2384 341 2413 ne
351 2367 473 2414 meconnait
483 2370 582 2426 poiutles
590 2370 768 2420 malheureux‚ot
776 2368 869 2413 colui-li

96 2447 129 2483 est
140 2439 205 2493 digne
217 2438 243 2479 de
255 2443 303 2478 tous
317 2446 381 2477 maur
393 2436 430 2490 qui
445 2433 518 2488 rougit
530 2434 606 2476 d'eux:
626 2432 642 2474 il
657 2437 690 2474 est
699 2431 805 2486 otrangsr
823 2432 836 2474 d
850 2432 872 2475 la

96 2501 155 2556 pilii.
169 2523 195 2531 -
206 2499 244 2539 Les
256 2496 466 2538 dieunrendentaus
477 2495 554 2548 captils
565 2493 624 2536 leurs
632 2491 735 2541 familias,
744 2503 788 2533 une
800 2492 872 2545 patrio

95 2563 149 2606 dont
161 2563 181 2604 lu
191 2559 312 2615 permeruit
324 2559 345 2599 le
355 2557 479 2612 plusgrand
491 2556 528 2598 des
539 2555 665 2599 rualheurs:
677 2551 780 2594 The'e'tite
793 2563 872 2605 accop-

96 2629 141 2666 tera
155 2635 178 2664 co
192 2620 320 2664 hienlnitdu
332 2620 373 2663 roi.
382 2618 448 2668 Qu'ils
459 2623 550 2669 restent,
563 2629 616 2659 ceux
627 2615 642 2666 ‚d
651 2616 689 2671 qui
702 2620 751 2657 sont
757 2614 824 2657 chors
833 2614 872 2656 des

97 2784 157 2838 (lsie
176 2780 302 2833 llineurel,
319 2777 371 2820 ville
396 2775 467 2819 natale
494 2776 514 2818 ln
540 2789 560 2831 p.
586 2777 633 2820 507.
659 2799 685 2808 -
707 2775 727 2818 ἓ.
746 2774 871 2831 denariale

93 2845 218 2890 d'lle'siodo.
230 2845 284 2886 -l.
300 2841 371 2885 Suom
391 2840 468 2894 forta·
495 2840 644 2886 detrimenta.
655 2837 760 2881 l'abstrait
774 2848 833 2892 pour
849 2836 871 2878 le

85 2923 144 2956 nam
157 2910 184 2955 in
203 2906 304 2956 consilio
322 2903 405 2957 habel,
421 2913 471 2958 sor.
497 2896 869 2955 concretzdetritosinwamiolo.
