1904 3216
277 210 313 256 EX
331 209 428 264 QUINTI
446 207 541 257 curun
556 208 612 258 ΗΒ.
629 207 666 258 IV.
807 210 852 256 509

89 324 196 379 hercule,
209 323 346 385 expeditius
355 337 442 372 manus
455 330 545 372 nostrae
555 324 655 385 rapiunt
668 324 699 386 (ὅ)
711 338 785 386 quum
797 339 853 373 con.

89 396 177 441 tiurut!
192 394 246 455 Ipsa
264 407 331 439 mors
345 393 427 440 uxoris
442 394 507 441 Darii
519 394 651 441 admouere
665 401 689 441 te
704 402 790 459 potest,
803 398 851 444 mi-

89 480 135 513 uus
143 464 195 524 jam
210 463 388 512 misericordiae
401 470 449 511 tuae
462 464 543 520 licere,
556 479 629 525 quam
639 464 719 512 licuit.

445 628 478 715 ‘v

157 813 213 876 Cap.
226 813 265 861 te.
284 810 358 861 Verba
368 810 543 861 Parmenionis
557 809 591 859 nd
603 810 780 862 Alexandnnn.

111 962 172 1005 Quum
183 958 298 1002 Aiexnuder.
308 957 377 1006 legatis
387 958 482 995 excedere
490 957 616 995 tabernaculo
623 957 691 1005 iussis.
699 958 747 1008 quid
757 958 851 1007 placeret.

89 1008 114 1044 ad
129 1005 230 1043 consitum
246 1004 353 1054 retulisset.
369 1003 472 1040 Parmenio
483 1011 600 1050 magnopere
608 1002 679 1042 suadet
687 1014 711 1041 no
725 1004 853 1050 conditiones,

90 1061 140 1100 quas
148 1049 224 1087 terebat
232 1049 309 1090 uarius.
317 1052 447 1094 aspernetur:

118 1168 179 1215 tute
189 1165 295 1215 suasisse
308 1170 336 1213 ut
348 1164 454 1225 captivos
471 1161 536 1225 apud
550 1161 695 1211 Damascum
709 1163 853 1215 redimenti·

86 1239 132 1286 bus
142 1235 269 1291 redderem
282 1234 410 1295 ingentem
419 1232 550 1295 pecuniam
557 1231 666 1294 potuisse
677 1233 759 1295 redigi
769 1248 796 1283 ex
803 1236 851 1297 his,

89 1308 131 1371 qui
145 1307 216 1356 multi
225 1305 302 1355 vincti
313 1305 423 1354 virorum
436 1303 540 1353 fortium
554 1310 702 1364 occuparent
715 1317 812 1354 manus.
824 1307 854 1358 tu

87 1390 154 1426 nunc
168 1389 317 1438 magnopere
328 1388 438 1432 censere,
454 1380 482 1422 ut
497 1385 571 1422 unam
583 1384 660 1421 auum
672 1380 697 1422 et
708 1374 769 1422 duas
780 1377 854 1437 puet-

87 1443 852 1508 ins,itinerumagminumqueimpedimentatrigintamillihus

88 1518 207 1567 talentum
214 1517 269 1566 auri
281 1522 413 1578 permutet.
422 1515 538 1575 Opimum
548 1527 656 1576 regnum
666 1527 786 1577 occupare
797 1531 853 1580 pos·

85 1602 112 1637 se
122 1587 261 1637 conditione
271 1587 311 1647 (1),
330 1599 379 1634 uon
391 1584 470 1634 bello:
484 1598 529 1634 nec
538 1597 679 1647 quenquam
690 1585 768 1635 alium
787 1587 854 1638 inter

89 1661 179 1707 istrum
193 1666 217 1707 et
226 1657 376 1720 Euphratem
387 1655 524 1717 possedisse
532 1662 612 1706 terras
623 1657 718 1719 ingemi
726 1659 853 1719 spatium-

90 1729 239 1791 terrnlloque
262 1727 390 1777 discretas·
412 1726 577 1775 macedoniam
593 1741 693 1789 quoque
705 1729 786 1790 potius
808 1742 853 1779 re-

86 1799 201 1862 spiceret,
213 1814 287 1863 quam
300 1800 384 1849 Bactra
401 1805 426 1848 et
439 1798 512 1847 ludos
524 1798 673 1847 intueretur.

456 1985 483 2035 Vi

166 2128 222 2191 Gap.
235 2127 275 2176 Η.
292 2126 367 2177 Verba
377 2124 518 2176 Menandri
530 2126 566 2174 ad
577 2128 774 2178 Parmenionem.

119 2277 148 2326 Et
158 2291 205 2340 ego
220 2276 350 2340 pecuniam
360 2289 434 2338 quam
444 2277 550 2339 gloriam
566 2278 674 2336 mallem,
687 2279 708 2327 si
720 2279 853 2330 Parmenio

87 2361 166 2398 essem
178 2364 183 2394 :
200 2361 267 2396 nuuc
279 2345 421 2403 Alexander,
431 2346 462 2395 de
477 2352 623 2410 paupertate
633 2361 736 2397 securus
749 2361 818 2404 sum;
829 2354 854 2398 et

88 2433 127 2469 me
139 2433 188 2468 non
198 2424 362 2467 mercatorem
375 2417 477 2466 memini
490 2431 552 2475 esse,
567 2419 611 2468 sed
621 2432 714 2479 regem.
725 2419 792 2467 iiihil
801 2419 854 2482 qui·

87 2490 144 2538 dem
166 2490 243 2538 habeo
264 2489 364 2544 renaie;
386 2488 428 2537 sed
443 2491 569 2537 fortunam
592 2501 673 2538 meam
696 2487 783 2552 utique
805 2503 852 2540 nou

88 2560 178 2611 vendo.
199 2558 311 2621 Captivos
331 2556 353 2606 si
369 2558 448 2620 placet
465 2558 545 2615 reddi,
557 2560 687 2609 honestius
709 2560 774 2610 dono
787 2559 855 2611 dabi-

89 2642 154 2686 mus,
166 2642 241 2690 quam
252 2627 335 2691 pretio
343 2627 509 2677 remittemus.

88 2776 207 2829 embrasse,
222 2777 264 2820 mal
281 2775 457 2823 §mairia-³.
510 2775 534 2819 V.
560 2778 580 2820 i.
603 2777 750 2830 conditione,
767 2790 806 2833 par
823 2791 854 2822 un

88 2839 193 2894 Rapitur!
202 2852 222 2896 p.
233 2837 386 2895 prehendunt.
484 2838 549 2896 parti.
559 2850 598 2894 par
610 2840 712 2896 maringe.
