1904 3216
81 160 90 175 t,
141 124 172 174 ts
450 124 608 175 obstrusus

141 240 250 296 Faliscis,
265 253 322 301 quae
338 245 409 299 pacto
417 238 445 287 fit
457 240 575 296 humanu,
589 239 692 288 societas
706 254 753 288 uon
768 249 821 299 est;
838 256 913 304 quam

143 313 296 376 ingeneravit
314 319 411 368 natura,
430 313 544 375 utrisque
564 321 602 361 est
618 314 722 374 eritque.
740 313 803 363 Sunt
816 323 840 363 et
850 317 913 365 betti

140 386 206 435 sicut
218 385 285 446 pacis
291 384 347 444 jura
358 401 364 430 ι
375 384 491 444 justeque
506 399 533 431 ea
543 382 574 445 (1)
590 397 639 431 non
654 384 737 433 tuiuus
752 399 826 446 quarn
842 387 912 434 torti-

143 465 180 505 ter
191 455 324 505 didicimus
331 469 427 516 gerere.
436 454 643 510 drmehaberuuS‚
656 467 703 502 uon
711 457 842 503 adversum
854 469 913 504 eam

140 532 240 574 aetatem
249 525 369 574 cuietiam
381 525 458 586 ceptis
473 525 579 572 urbibus
602 523 720 585 parcitur,
738 526 780 572 sed
795 525 914 574 adversus

142 603 250 645 armatos
263 602 287 644 et
301 595 366 656 ipsos
377 594 430 657 qui,
444 608 490 642 nec
507 593 558 642 taesi
571 607 616 642 nee
627 593 736 642 lacessiti
750 608 765 641 a
781 596 861 652 uobis,
870 609 913 643 ca-

142 674 191 716 stra
201 667 308 729 Romana
324 666 355 714 ad
368 664 436 713 Veios
447 671 632 726 oppugnarunt.
646 664 690 711 bos
703 670 739 719 tu,
753 666 913 725 quantumin

142 743 167 786 te
180 736 236 792 fuit,
251 748 312 784 novo
327 735 419 784 sceiere
435 733 533 782 vicisti:
555 747 600 795 ego
618 734 732 782 Romanis
743 735 850 792 artibus,
862 734 914 783 vir·

142 813 203 864 tute,
215 818 297 867 opere,
313 805 398 862 armis,
412 804 477 853 sieut
485 804 556 852 Veios
570 804 689 852 vineam„
771 832 773 836 v
829 831 831 835 ι

500 963 553 1013 »ΧΗ

142 1087 197 1148 Cap.
209 1083 248 1133 et.
261 1082 347 1135 Oratio
356 1082 495 1153 leqatorum
509 1082 621 1192 Faliscos
632 1082 749 1133 Romnie
758 1084 911 1148 dedentium,

457 1160 485 1192 tn
496 1160 557 1193 uena
569 1160 594 1192 u.

163 1250 273 1304 Eisdietis.
280 1248 371 1313 (tetuinus
380 1247 475 1300 denudari
485 1248 606 1299 preditorem
616 1252 636 1311 et
646 1258 713 1286 munus
721 1252 766 1301 poet
775 1254 852 1298 tergum
862 1251 912 1290 reli·

142 1293 913 1389 restituturus?butun-utrettrittsdtututtt‘utbs

143 1385 219 1465 ffitffl
224 1384 388 1466 lltooffinffiere,
400 1392 432 1431 qui
442 1381 528 1431 Falerios
539 1381 672 1420 dederentur
691 1381 799 1446 introducti
817 1383 843 1421 ed
852 1393 911 1422 sem-

173 1508 258 1558 Patres
265 1506 408 1569 conscripti,
418 1505 531 1561 victoria,
539 1505 580 1554 cui
588 1518 634 1554 nee
641 1505 702 1554 deus
709 1518 755 1555 nee
762 1507 835 1563 homo
842 1508 911 1570 quis·

142 1591 217 1641 quam
231 1575 415 1635 invideat,victi
428 1589 442 1623 a
453 1574 522 1623 robis
535 1582 559 1623 et
567 1574 718 1638 imperatore
734 1583 825 1631 vestro,
842 1577 912 1627 dedi·

143 1665 198 1700 mus
208 1648 338 1707 nosvobis‚
352 1647 401 1696 rati
414 1647 473 1710 (quo
485 1646 548 1694 nihil
559 1645 645 1694 victori
661 1645 789 1702 pulchrius
799 1646 845 1709 est)
860 1662 912 1698 me-

142 1722 191 1769 lius
202 1734 248 1770 nos
261 1719 307 1769 sub
319 1717 423 1779 imperio
435 1725 518 1766 vestro
532 1730 608 1778 quarn
621 1714 718 1776 legibus
730 1717 821 1765 nostris
832 1717 911 1768 victu·

142 1805 190 1840 ros.
207 1791 299 1839 Eventu
307 1790 380 1851 hujus
388 1788 446 1837 belli
458 1789 507 1836 duo
515 1787 635 1835 salutaria
644 1789 754 1848 exempta
768 1787 909 1854 proditum

141 1864 249 1911 humano
260 1860 346 1923 generi
359 1868 432 1910 sunt:
448 1872 488 1908 ros
504 1858 577 1906 tidem
587 1857 614 1905 in
626 1858 698 1914 bello,
712 1871 789 1918 quum
801 1873 911 1920 praeseu·

140 1940 191 1981 tem
202 1931 337 1989 victoriam,
350 1930 486 1985 maluistis3
502 1943 555 1986 nos,
569 1928 617 1976 fide
627 1928 759 1990 provocati,
779 1931 909 1981 victoriam

142 2004 207 2052 ultro
221 2002 362 2051 detulimus.
379 2001 427 2050 Sub
440 2000 536 2048 ditione
552 2004 632 2046 vestra
642 2011 745 2048 suiuus:
762 1999 856 2052 mittite
866 2001 909 2064 qui

141 2072 271 2135 erma‚qui
279 2071 434 2133 obsides‚qui
442 2071 529 2119 urbem
536 2069 681 2130 patentibus
690 2069 769 2130 portis
778 2069 908 2134 accipiant.

141 2144 187 2193 Nec
203 2157 245 2192 vos
259 2143 317 2192 fidei
330 2148 428 2194 nostre.
448 2153 495 2189 nee
510 2152 556 2188 nos
568 2137 667 2199 imperii
678 2139 754 2187 vestri
768 2141 907 2203 poenitebit

227 2297 246 2329 1.
266 2287 300 2330 Ea
318 2298 346 2328 ue
364 2297 387 2327 se
409 2288 509 2338 repperte
536 2287 556 2329 le
566 2287 644 2341 phrase
657 2299 686 2330 ne
701 2291 910 2342 peutserettecher

142 2360 179 2403 pas
187 2348 281 2400 ujura:
297 2360 322 2390 ee
338 2354 383 2390 mot
398 2347 452 2389 tieut
465 2346 511 2388 lieu
537 2350 586 2404 qu'd
596 2349 659 2392 l'idee
672 2351 805 2405 prindpeie,
814 2353 872 2399 eelle
880 2354 908 2400 de

143 2411 169 2452 iei
179 2409 206 2451 de
216 2409 284 2451 bella.
295 2408 365 2451 L'idee
375 2409 466 2462 dejure
479 2415 510 2451 est
538 2412 601 2454 betti.
753 2414 756 2419 '

142 2484 169 2513 eu
178 2470 273 2525 quelque
281 2472 448 2514 sorteubsorbde
456 2473 509 2514 daus
563 2474 611 2517 tut.
627 2475 647 2517 1.
666 2475 769 2528 Prodita,
785 2489 844 2532 pout·
861 2491 908 2536 pa·

142 2531 331 2589 radverhejuste,
341 2541 362 2578 et
374 2535 395 2579 le
408 2544 466 2579 reste
482 2537 508 2581 de
537 2538 584 2581 lem
592 2539 666 2584 edila.
