1904 3216
312 172 350 222 dx
367 172 435 220 Livii
453 170 538 221 LIBRO
554 170 625 219 XXX.
812 171 858 221 ‘217

96 284 207 339 omiiiis
222 284 290 343 pund
300 287 381 335 adme
394 285 490 340 attinet.
497 284 550 346 J'am
562 289 623 332 actas
636 297 719 332 senem
734 283 769 346 (2)
781 284 806 332 in
814 299 858 347 pa·

95 358 335 408 triamrevertcntem
347 357 413 406 unde
423 370 484 418 puer
495 355 622 416 proiectus
633 369 697 410 suin,
711 355 762 416 jam
772 369 862 404 secun-

94 427 135 484 ἀεὶ,
148 427 200 491 jam
211 426 318 475 adverse
332 441 374 475 res
392 427 425 474 ita
440 426 596 479 erudierunt,
612 430 640 473 ut
649 426 772 473 rationein
789 428 859 488 sequi

93 498 298 561 quamfortunam
305 497 398 545 mutim.
412 498 487 544 Tuam
497 503 521 544 et
534 496 722 545 adolescentiam
734 503 759 544 et
770 511 859 560 perpe-

93 572 158 616 tuam
172 565 328 622 felicitatem,
346 566 466 614 ferociora
478 572 583 627 utraque
599 579 674 626 quum
693 566 786 628 quietis
797 579 859 628 opus

92 641 125 687 eti
133 635 256 693 masiliis,
266 641 360 685 metuo.
375 635 426 683 Non
440 642 532 683 tumere
545 635 576 698 (5)
592 635 687 685 incerta
700 649 803 686 casuum
814 649 859 686 re-

92 710 166 769 putat,
179 718 256 768 quem
268 705 368 753 fortuna
381 718 509 766 nunquam
520 704 625 765 decepit.

118 775 188 835 Quod
198 788 246 838 ego
256 774 292 824 ini
307 775 339 824 ad
352 774 530 831 Trasimenum,
542 775 573 822 ad
587 775 691 831 Cannas,
703 775 729 824 id
745 782 774 826 tu
785 776 860 826 hodie

90 858 126 897 es.
138 846 244 895 Vixdum
256 844 359 895 militari
365 852 437 894 aetate
450 844 557 907 imperio
565 852 674 908 accepte,
689 848 773 897 omnia
784 850 860 899 ouda

90 916 351 978 dsimeincipientem
359 916 623 977 uusquanrieieilitsuu
633 919 740 972 tortura,
747 919 859 969 Patriset

89 988 169 1051 penui
179 995 324 1051 persecutns
336 993 449 1042 mortem,
466 987 495 1033 ab
515 986 653 1036 calamitate
665 994 752 1037 vesun
770 989 858 1039 domus

89 1057 370 1121 decusinsignevirtutis
380 1056 524 1119 pietatisque
534 1057 632 1105 eximiae
640 1059 726 1119 cepisti
736 1074 742 1114 ;
753 1060 858 1110 amissas

88 1128 218 1193 Hispanias
227 1129 390 1190 recuperasti,
401 1134 520 1189 quattuor
530 1127 588 1176 inde
599 1128 698 1177 Punicis
709 1132 858 1180 exercitibus

87 1200 175 1263 pulsis3
184 1199 272 1249 consul
278 1204 470 1259 creatusquuin
481 1197 570 1245 ceteris
583 1197 613 1246 ad
623 1198 750 1247 tutandanr
761 1200 857 1248 ltaliam

87 1283 175 1333 parum
185 1267 263 1317 animi
274 1275 347 1324 esset,
360 1274 530 1327 transgressus
542 1266 568 1314 in
579 1267 695 1323 Africam,
710 1268 807 1319 dnobus
818 1270 859 1320 hic

86 1338 236 1391 exercitibus
251 1337 329 1393 ccesis.
343 1338 409 1385 binis
422 1338 507 1385 eodem
523 1338 584 1386 hora
596 1338 675 1400 captis
689 1339 764 1388 simul
775 1340 858 1390 incen-

87 1411 172 1475 sisque
181 1409 280 1466 castris,
295 1408 403 1471 Syphace
415 1408 584 1470 putentissimo
597 1421 657 1470 rege
674 1415 753 1471 capto,
767 1416 803 1460 tot
815 1426 858 1460 un·

86 1479 159 1531 bibus
172 1478 245 1542 regni
258 1478 320 1541 ejus,
328 1484 365 1527 tot
379 1477 458 1527 nostri
475 1476 575 1537 imperii
587 1477 688 1538 ereptis,
700 1491 740 1525 nie
752 1485 855 1529 sextum·

85 1550 209 1603 decimum
223 1548 276 1614 jam
296 1563 388 1600 annunt
407 1549 542 1597 haerentem
560 1547 586 1596 in
603 1549 758 1610 possessione
779 1552 856 1602 italice

85 1620 224 1672 detraxisti.
245 1620 325 1669 Potest
342 1620 479 1673 victoriam,
498 1617 598 1679 inquam
617 1617 660 1679 (i),
681 1620 855 1683 uniloquam

85 1705 181 1755 paoem,
193 1690 362 1740 animusdori
373 1691 474 1751 spiritus
484 1702 585 1746 mannos
593 1690 672 1749 magis
682 1703 755 1750 quain
764 1690 854 1740 utiles:
937 1693 942 1707 ·

77 1760 176 1810 'etmihi
187 1760 243 1809 tuiis
254 1761 388 1823 aliquando
400 1762 500 1808 tortura
512 1759 613 1808 affulsit.
623 1758 714 1814 Quodsi
729 1760 756 1807 in
768 1773 857 1810 secun-

85 1830 125 1880 dis
133 1830 211 1880 rebus
221 1832 309 1880 bonam
321 1844 420 1892 quoque
431 1836 540 1877 mentem
553 1831 641 1877 darent
651 1828 695 1883 dii.
709 1843 757 1878 non
771 1843 799 1879 ea
813 1845 855 1878 so·

85 1902 141 1951 lum
152 1915 209 1964 qnae
218 1901 363 1957 evenissent,
374 1901 416 1948 sed
434 1900 508 1948 etiam
523 1913 551 1948 ea
567 1914 623 1961 qnae
633 1900 732 1948 evenire
746 1907 854 1962 possent,

85 1976 268 2033 reputaremus.
281 1969 311 2018 Ut
323 1969 436 2017 ninnium
448 1968 604 2017 obliviscaris
619 1969 732 2023 aliorum.
742 1969 802 2018 satis
811 1982 855 2031 ego

86 2037 228 2087 documenti
240 2037 266 2086 in
279 2052 364 2087 omnes
377 2052 448 2087 casus
458 2052 523 2087 suin.
536 2038 611 2093 Quom
621 2039 702 2093 niodo.
715 2039 802 2088 castris
813 2039 855 2087 in-

86 2107 251 2158 terAnienem
262 2116 337 2171 atquc
346 2110 434 2158 urbem
447 2115 551 2157 vestram
560 2108 654 2168 positis,
667 2109 735 2169 signa
749 2109 855 2158 inferen-

86 2184 137 2227 tem
151 2176 178 2225 in
193 2176 283 2226 moenia
298 2179 404 2227 linitione
422 2178 462 2237 (5),
481 2178 522 2225 liic
534 2178 624 2233 cornis,
639 2178 734 2227 duobus
750 2179 857 2229 fatribus

87 2334 276 2378 Perictflanninal
291 2336 456 2379 n'acaitdoettc
484 2336 622 2390 inserentem
649 2336 674 2378 in
704 2336 789 2381 moenio
814 2337 858 2383 iio·

86 2397 171 2454 opeque
192 2397 319 2452 qu'enrirou
341 2406 457 2453 quarante-
483 2411 562 2450 mano,
578 2405 653 2441 s-ent.
671 2398 763 2452 vidisti,
779 2401 791 2444 d
805 2415 858 2459 sup-

86 2462 229 2515 cidenas·
245 2460 265 2503 5.
282 2462 331 2505 Non
346 2465 430 2504 terrere
445 2476 456 2504 a
484 2460 545 2514 pider
560 2459 643 2513 d'aprds
657 2461 689 2503 les
698 2468 753 2504 mois
763 2464 801 2517 qui
810 2466 858 2508 sui-

86 2528 178 2564 soureut
194 2521 214 2564 le
230 2534 280 2565 sens
293 2524 320 2567 de
336 2536 382 2568 non
397 2525 454 2578 sere,
483 2521 856 2571 ventimrnedianmontdtccernis.

86 2594 133 2626 non
145 2582 224 2638 [aeide.
235 2606 262 2615 -
276 2584 297 2627 i.
314 2585 418 2641 laquem,
432 2585 455 2640 ie
483 2585 511 2627 La
519 2585 596 2638 phrase
604 2591 636 2627 est
643 2588 762 2630 construite
771 2601 856 2632 comme

87 2643 128 2688 dis.
136 2644 252 2699 dprdsune
260 2647 367 2701 espdcede
375 2648 457 2701 digres·
484 2646 569 2689 cello-ci
580 2659 586 2688 ε
598 2648 667 2697 Quem
676 2646 742 2691 modo
755 2649 855 2702 tristem,

86 2706 142 2757 sien.
157 2706 259 2749 l'orateur
273 2709 366 2764 reprend
379 2721 418 2764 par
432 2722 456 2752 co
484 2720 546 2751 nnnc
565 2708 627 2752 vides
651 2709 737 2761 iatum,
759 2712 797 2766 qui
818 2711 856 2755 de·

87 2773 132 2810 mot
141 2767 161 2811 le
175 2768 197 2810 iii
212 2769 287 2812 deson
296 2772 455 2814 raisonncment
483 2771 590 2813 viendrait
606 2772 768 2827 insupportable
785 2774 804 2816 si
827 2786 854 2816 on

87 2839 142 2883 pour
159 2831 324 2875 reeomniandee
340 2833 353 2874 d
371 2832 456 2888 Scipion
483 2833 565 2875 eoniait
574 2833 658 2888 ajdutor
667 2839 690 2876 et
703 2845 746 2876 non
755 2846 855 2877 sous-on·

88 2889 168 2946 quiete
187 2893 293 2935 concilia.
310 2916 337 2924 —
352 2893 456 2950 ἄδιψα
484 2895 559 2938 rendre
577 2895 666 2940 vidisti.
683 2895 859 2939 Contruirerueut

142 2987 274 3038 Connoscs.
714 2996 748 3044 tt)
