1904 3216
88 176 118 240 so
280 180 281 185 ’
390 192 551 241 onarronrs

88 306 190 365 delatos,
206 321 253 356 nec
260 306 350 356 inertia
360 307 460 357 relictos
473 309 514 357 hic
528 322 568 357 vos
582 308 748 357 circumvenit
761 307 853 363 hostis;

87 377 179 426 virtute
192 377 292 438 cepistis
300 376 392 432 locum,
404 378 495 425 virtute
508 379 567 425 hinc
574 383 671 440 oportet
680 379 796 427 evadatis.
810 377 855 427 Ve-

86 447 176 496 niendo
187 449 244 503 huc,
256 449 392 496 exercitum
405 449 534 508 egregium
545 451 635 511 populo
645 450 753 498 Romano
761 463 856 498 servas-

87 517 133 574 tis;
148 519 300 580 erumpendo
311 518 378 575 hinc,
393 520 555 581 vosmetipsos
568 528 664 569 servate
680 535 686 568 :
700 521 771 581 digni
787 520 855 577 estis,

88 587 132 649 qui
149 587 221 649 pauci
236 587 352 651 pluribus
365 601 437 650 opem
460 589 575 646 tuleritis,
591 591 638 652 ipsi
657 591 750 640 nultius
766 591 856 639 auxilio

88 657 217 719 egueritis.
231 659 290 707 Cum
301 672 330 708 eo
339 659 409 708 hoste
421 673 460 709 res
472 665 517 722 est,
531 660 574 723 qui
587 662 701 710 hesterno
709 661 749 710 die
759 660 856 711 delendi

88 729 169 778 omnis
186 727 310 778 exercitus
328 730 429 778 fortuna
449 744 493 793 per
515 731 649 780 socordiam
670 745 730 781 usus
745 745 796 781 non
809 734 855 788 sit;

88 801 156 850 hunc
173 805 223 849 tam
239 808 407 863 opportunum
424 803 510 851 cotlem
532 801 702 851 imminentem
724 803 800 866 capiti
812 814 857 851 sno

88 884 138 920 non
151 877 208 919 ante
216 869 318 930 viderit,
328 886 402 934 quam
413 879 533 935 captuma
545 873 629 930 nobis;
642 887 685 922 nos
693 879 744 921 tam
756 885 856 936 pancos,

89 947 127 989 tot
133 940 186 1002 ipse
194 940 305 990 millibus
318 943 448 992 hominum
464 956 508 992 nec
518 956 620 992 ascensu
631 942 748 1000 arcuerit,
762 955 807 991 nec
817 948 858 990 te-

91 1017 178 1060 nentes
191 1011 282 1068 locum,
297 1026 375 1074 quum
396 1012 445 1060 diei
463 1018 560 1061 tantum
572 1019 720 1075 superesset,
735 1011 799 1061 vallo
811 1011 859 1061 cir·

93 1081 256 1140 cumdederit,
265 1096 341 1144 quem
350 1082 474 1132 videntem
485 1097 514 1131 ac
522 1082 663 1144 vigilantem
675 1083 713 1132 sic
724 1081 857 1138 eluseritis,

16 1157 19 1163 “
90 1152 200 1214 sopitum
217 1158 315 1214 oportet
332 1152 441 1211 fallatis;
458 1154 507 1201 imo
522 1165 621 1202 necesse
636 1159 680 1205 est.
697 1152 724 1201 ln
744 1165 774 1200 eo
790 1150 859 1199 enim

90 1223 143 1270 loco
155 1236 195 1271 res
204 1229 263 1271 sunt
272 1228 375 1280 nostrae,
384 1231 411 1272 nt
423 1223 491 1273 vohis
502 1236 547 1284 ego
558 1222 636 1284 magis
645 1222 796 1271 necessitatis
807 1234 860 1270 ves·

90 1298 137 1340 trac
147 1292 227 1348 index,
235 1295 312 1354 quam'
319 1293 414 1342 consilii
425 1300 511 1341 auctor
521 1291 580 1350 sim;
598 1304 677 1352 neque
688 1290 753 1340 enirn
764 1301 860 1339 manea-

91 1363 132 1415 tis.
145 1377 175 1411 an
183 1363 275 1412 abeatis
283 1364 350 1424 hinc,
360 1364 493 1412 deliberari
501 1369 587 1425 potest.
593 1376 682 1424 quum,
693 1369 783 1425 praeter
790 1373 860 1410 arma

92 1439 118 1482 et
127 1434 221 1482 animos
232 1447 359 1484 armornm
370 1437 499 1484 memores.
512 1434 575 1483 nihii
583 1434 651 1483 vobis
661 1435 760 1483 fortuna
768 1431 860 1495 reliqui

92 1502 189 1564 fecerit,
202 1503 315 1564 fameque
325 1510 351 1551 et
360 1503 401 1552 siti
410 1503 566 1552 moriendum
581 1503 621 1560 sit,
637 1504 659 1552 si
673 1506 729 1566 plus
741 1515 816 1564 quarn
825 1501 861 1551 vi-

92 1585 133 1621 ros
148 1586 177 1620 ac
190 1573 310 1621 Romanos
324 1572 401 1628 decet,
417 1574 513 1621 ferrum
526 1573 665 1622 timeamus.
682 1575 746 1635 Ergo
759 1587 811 1622 una
823 1578 861 1622 est

93 1642 169 1699 salus,
186 1655 318 1703 erumpere
335 1642 393 1691 hinc
404 1649 478 1705 atque
489 1643 557 1692 abire
577 1659 582 1690 :
595 1644 621 1692 id
632 1649 675 1692 ant
686 1642 804 1698 interdiu,
819 1648 862 1691 ant

93 1719 167 1762 nocte
182 1712 302 1760 faciamus
321 1717 425 1774 oportet.
445 1712 503 1762 Ecce
524 1720 608 1761 antem
629 1713 695 1761 aliud
713 1713 797 1762 minus
814 1712 862 1760 du·

95 1783 180 1831 bium:
194 1782 292 1844 quippe,
300 1782 322 1830 si
333 1783 376 1830 lox
385 1791 549 1845 asperetur,
557 1796 614 1844 quae
623 1796 678 1845 spes
690 1789 728 1832 est
741 1781 861 1831 nonullo

94 1859 214 1916 perpetuo
229 1853 343 1914 fossaque
352 1865 397 1900 nos
406 1858 533 1913 septurum
545 1853 650 1908 hostem,
662 1851 706 1914 qui
725 1864 792 1900 nnnc
805 1863 862 1900 cor-

94 1922 197 1986 poribus
207 1923 259 1972 suis
277 1922 394 1982 subjectis
408 1922 519 1984 undique
531 1922 642 1980 cinxerit,
654 1931 683 1972 ut
699 1921 796 1979 videtis,
812 1921 862 1971 ool·

95 1992 259 2053 tentarant,
275 1993 296 2041 si
314 2007 362 2041 nox
375 2002 514 2055 opportuna
534 1998 571 2041 est
590 1992 729 2054 eruptioni,
746 1991 811 2040 sicut
826 1997 863 2040 est

96 2065 150 2113 lraec
163 2064 274 2126 profecto
286 2062 365 2112 noctis
381 2063 505 2124 aptissima
523 2064 585 2113 hora
600 2068 645 2112 est.
661 2063 736 2125 Signo
747 2061 862 2111 secundae

97 2134 190 2195 vigiliae
203 2134 358 2189 convenistis,
370 2135 437 2196 quod
448 2140 544 2196 tempus
557 2134 674 2184 mortales
687 2145 773 2182 somno
792 2130 864 2181 altis·

97 2206 161 2254 simo
169 2205 259 2267 premit
274 2218 331 2267 :per
341 2219 444 2266 corpora
454 2205 532 2268 sopita
545 2205 648 2261 vadetis,
661 2204 699 2253 vel
715 2203 815 2253 silentio
824 2202 864 2252 in·

98 2284 182 2324 cautos
190 2275 311 2332 fallentes,
318 2275 357 2324 vet
367 2274 531 2324 sentientibus
540 2275 647 2324 clamore
657 2275 737 2323 subito
748 2285 864 2336 pavorem

99 2344 224 2407 injecturi.
237 2345 272 2394 die
288 2345 360 2394 modo
373 2345 516 2407 sequimini,
531 2359 607 2407 quern
624 2346 702 2395 secuti
718 2345 799 2395 estis:
817 2355 864 2405 ego

99 2416 211 2471 eandem,
227 2429 282 2478 quae
299 2415 370 2464 duxit
380 2416 437 2471 huc,
455 2429 545 2476 sennar
558 2418 691 2465 t'ortnnam.
704 2415 797 2470 Quibus
811 2413 865 2464 hrec

100 2486 214 2536 salutaria
233 2479 356 2545 videntur,
371 2485 507 2549 agitedum,
519 2485 545 2534 in
561 2485 672 2535 dextram
683 2492 779 2548 partem
794 2481 864 2548 pedi·

99 2557 146 2607 hus
161 2556 272 2607 transite.
