1904 3216
302 196 340 245 EX
355 196 425 245 blvlt
440 196 526 246 bruun
542 194 642 249 mlv.
809 193 855 248 851

433 381 508 432 CLVII

87 511 144 575 Gap.
164 510 203 558 13.
223 509 254 558 ll.
275 507 376 559 Catonis
394 506 502 556 coirsult's
520 507 602 556 oratio
620 509 655 556 acl
675 508 768 558 Milites
789 524 855 560 mor.

108 642 133 681 tt.
141 642 195 682 Cato.
205 639 236 677 cui
245 638 336 685 uispmia
350 638 451 690 provincia
460 637 567 690 etbellum
576 643 644 690 eontra
657 640 766 680 celtiberos
780 640 857 690 obtige-

86 691 124 728 rat,
133 686 157 722 ad
167 684 265 732 Emporias
274 687 338 733 metra
385 686 422 727 uit,
431 683 490 720 olasu
499 693 571 721 eterna.
582 684 612 721 lbi
622 694 681 723 noros
692 685 766 724 milites
775 691 857 724 noctur·

87 731 118 767 uio
127 728 203 779 insidiis
211 731 231 765 et
240 729 353 775 praedationi
362 737 390 764 ruo
401 727 511 779 exercebat,
521 736 586 775 eoque
594 730 689 780 compulit
698 731 765 768 bootes
775 733 858 768 utoxtra

87 778 205 811 ruummanta
214 771 336 810 mutulorum
345 771 413 817 egredi
426 780 465 808 non
482 770 584 810 auderem.
597 773 628 810 sio
643 776 663 810 et
677 783 756 812 suorum
771 779 795 812 et
808 775 858 813 boe-

87 814 535 900 irrentusrestruatur·
544 815 654 864 W*
667 818 772 866 “lm''
787 824 858 857 ⁰⁰⁰‘⁰·

113 960 143 1004 Le
153 966 222 1014 temps
230 964 265 1002 est
272 970 330 1000 venu
343 957 370 1000 de
386 957 442 1000 taire
451 955 473 1000 la
483 968 563 1011 guerro
572 965 732 1002 ouvertement.
743 983 771 993 -
779 962 854 1004 Aaron

87 1023 175 1068 eonemi
183 1034 212 1066 ne
220 1021 314 1065 subsisto
324 1033 351 1063 en
360 1020 456 1076 tspagm
465 1032 508 1076 que
518 1019 550 1064 les
558 1020 683 1077 Rspagnols,
693 1029 715 1066 ot
725 1023 812 1079 Rome!
821 1033 854 1069 est

87 1086 136 1143 plus
153 1085 264 1140 puissonte
280 1095 324 1138 que
342 1082 372 1125 (lu
390 1088 461 1138 temps
478 1082 516 1126 dos
532 1081 682 1138 Cartbagioois
696 1085 801 1139 auxquols
811 1086 854 1130 ello

87 1147 214 1204 preserivait
222 1137 291 1189 l'Ebre
300 1156 357 1200 pour
365 1143 444 1187 limite.
452 1168 478 1176 -
488 1143 504 1186 ll
512 1143 560 1186 taut
567 1151 672 1188 remettre
679 1146 793 1202 l'Espagne
802 1161 854 1192 som

87 1208 179 1264 lejoug.

116 1324 220 1386 Tempus
231 1321 298 1385 quod
311 1334 376 1384 saepe
386 1320 497 1382 optastis,
511 1319 649 1384 venitque
663 1321 732 1372 robis
750 1329 857 1384 potestas

87 1396 158 1446 lieret
170 1394 286 1444 virtutem
302 1398 408 1441 vestram
430 1391 583 1440 ostendendi.
604 1391 689 1442 Adhuc
708 1394 854 1456 praedonum

86 1463 175 1523 magis,
191 1475 265 1523 quam
279 1461 434 1517 bellantium,
450 1461 577 1510 militastis
595 1475 664 1511 more
680 1479 687 1510 :
705 1476 771 1513 nuno
786 1463 856 1526 justa

86 1547 168 1596 pugna
179 1532 263 1583 hostes
273 1546 328 1581 oum
338 1532 449 1581 hostibus
460 1532 595 1581 censeretis
602 1546 713 1583 monum.
722 1534 775 1584 Nou
782 1547 855 1596 agros

87 1603 145 1653 inde
153 1603 274 1666 populari,
288 1602 331 1651 sed
341 1603 444 1651 urbium
454 1615 513 1662 opes
527 1602 656 1653 exhaurire
666 1602 760 1653 licebit.
771 1603 856 1657 rames

87 1674 175 1730 nostri,
185 1687 262 1736 quum
274 1672 387 1735 Hispania
400 1671 648 1731 Carthaginiensium,
657 1681 682 1723 et
693 1674 856 1735 imperatores

87 1744 123 1795 ibi
136 1751 161 1795 et
171 1743 294 1793 exercitus
306 1749 394 1800 essent,
408 1741 455 1805 ipsi
468 1742 568 1790 nullum
582 1743 764 1805 imperatorem,
773 1746 857 1796 nullos

87 1815 114 1864 in
120 1829 149 1866 ea
157 1814 249 1863 milites
254 1814 385 1869 baberent,
396 1812 628 1862 tarnenadderehoe
638 1814 764 1863 infundere
775 1816 856 1865 volue-

86 1891 165 1935 runt:
177 1900 189 1931 t
201 1883 232 1932 lJt
245 1883 343 1946 imperii
355 1881 394 1930 sui
403 1882 487 1931 lberus
500 1883 589 1931 florius
603 1891 666 1932 esset
677 1885 742 1933 linis.
754 1884 855 1944 ibunt,

87 1968 165 2017 quum
179 1954 229 2003 duo
237 1960 365 2016 praetores,
375 1966 453 2013 quum
466 1953 562 2006 consul.
574 1967 651 2016 quum
665 1961 716 2004 tres
729 1955 854 2004 exercitus

88 2024 188 2073 lloruani
205 2024 344 2085 Hispaniam
361 2023 497 2080 obtineant,
513 2023 755 2084 Carthaginiensium
769 2025 853 2074 decem

84 2097 137 2158 jam
148 2107 223 2158 prope
240 2093 310 2143 annis
325 2107 398 2143 neruo
414 2093 440 2141 in
458 2092 499 2140 bis
513 2093 646 2154 provinciis
662 2093 703 2148 sit,
720 2093 853 2155 imperium

87 2165 158 2213 nobis
172 2164 233 2212 eitra
251 2162 348 2211 iberum
366 2163 482 2212 amissum
502 2169 547 2210 est.
562 2162 610 2211 flou
629 2163 706 2211 armis
725 2171 750 2212 et
764 2163 855 2213 virtute

86 2234 238 2297 recuperetis
250 2240 344 2296 oportet
357 2249 363 2280 t
374 2241 399 2282 et
412 2233 544 2290 nationem,
554 2232 713 2281 rebellantem
726 2234 807 2295 magis
820 2241 855 2283 to·

88 2319 164 2363 mere,
176 2319 250 2367 quam
261 2310 403 2353 constanter
414 2304 553 2358 bellantem,
560 2301 658 2362 jugum,
672 2316 720 2365 quo
734 2316 761 2351 se
775 2304 852 2358 exuit,

87 2375 198 2438 arripere
209 2388 298 2424 rursus
308 2375 409 2437 cogatis.

427 2539 514 2592 ctrttt

119 2668 174 2729 cap.
188 2666 227 2717 l‘l.
243 2666 328 2717 Oratio
341 2667 365 2715 Τ.
378 2665 486 2727 Quinctii
500 2665 527 2713 io
539 2669 658 2713 conuentu
672 2664 820 2716 (iratorum.

111 2786 153 2837 Tito
162 2786 259 2830 Quinctio.
274 2787 360 2826 bibernis
373 2787 422 2827 aetio
434 2787 454 2826 in
467 2787 540 2826 tracto
550 2786 616 2835 quieta
626 2790 645 2826 et
654 2785 710 2836 paris
717 2786 855 2834 libertatisque

89 2831 145 2882 bonis
174 2833 283 2873 erirueuto.
300 2833 385 2870 aliertur
407 2831 596 2870 senatusconsultum
619 2841 657 2879 quo
675 2831 748 2870 beilum
762 2832 858 2868 aduersus

89 2877 150 2912 Nabrn
185 2877 323 2914 cedwmonium
333 2879 433 2914 decretum
442 2881 491 2914 erut.
500 2877 542 2920 Quo
552 2877 611 2917 terto,
621 2880 742 2916 contentum
749 2876 870 2924 bortuuuxm

75 2919 173 2958 'onmium
190 2921 285 2959 socierum
299 2920 400 2960 erritrtruu
412 2922 548 2974 legationibus
561 2922 582 2962 iu
596 2922 652 2963 utem
665 2925 745 2962 seuam
758 2922 833 2958 eursu.
852 2917 878 2949 be
