1904 3216
333 152 369 201 EX
386 150 452 200 itin
470 152 557 203 niuno
573 150 612 203 IV.
830 152 861 204 ot

86 267 194 318 manasse
205 266 330 317 subsidiis
342 270 430 325 aciem,
443 269 546 319 autoilo
558 268 616 319 boni
630 266 737 317 consulis
748 268 863 320 tanetum

86 338 183 389 aifloioi
195 346 223 388 et
235 345 299 389 tune
312 338 373 402 ipse.
384 339 455 388 victis
464 339 603 400 legionibus
616 338 738 391 Romanis.
749 347 793 389 tuo
805 354 862 389 oon·

87 406 139 455 silio
148 408 265 470 equitem
276 407 308 456 ad
321 410 393 470 pudes
406 407 438 470 qi)
453 408 592 464 deduxeris,
606 407 798 471 restituerisque
813 424 862 473 pn·

87 480 177 538 guam?
187 478 388 528 exclusodeinde
399 479 489 528 abacia
501 487 583 529 nostra
596 478 722 541 tibiatqne
733 480 863 543 equitibus

87 561 144 597 uum
158 557 204 599 aut
217 551 306 600 consul
320 550 374 613 ipe
386 551 537 608 subvenerit.
547 559 590 600 ant
599 551 693 600 miserit
703 551 863 613 praesidinm?

88 627 184 681 postue
191 621 303 684 deniqne
310 622 351 671 die
360 621 449 683 ecquid
456 621 564 685 presidii
574 635 679 685 usquam
689 621 806 672 habueris
814 624 824 672 i
832 637 863 672 an

89 693 113 738 tu
126 691 268 755 cohorsque
283 691 309 741 in
321 698 401 741 castra
416 699 496 742 vestra
513 692 606 742 vinute
620 693 803 755 perruperitist
822 707 864 743 eo·

90 774 162 820 quem
173 763 201 812 in
220 764 310 813 castris
326 763 462 821 consulem,
477 777 580 825 ecquem
590 765 725 814 exercitum
735 764 864 814 inveneri·

90 835 130 888 tis!
140 848 173 885 an
186 836 290 885 deserta
303 841 395 892 eastra,
407 834 506 884 relictos
517 833 612 883 saucios
620 835 732 884 milites?
749 835 804 884 lino
817 849 864 897 pao

91 909 181 958 ouante
193 915 237 956 tua
250 906 361 968 fideque,
373 918 421 967 qua
432 918 481 954 una
492 906 540 955 hoc
551 905 615 954 bello
627 904 764 968 respublica
785 906 863 974 stetit,

90 978 191 1029 dioenda
206 975 254 1026 tibi
267 982 328 1025 sunt
344 974 433 1023 nodie:
448 974 566 1036 denique,
584 974 629 1023 ubi
648 973 674 1023 C.
693 976 863 1038 Sempronius,

92 1049 129 1099 ubi
152 1047 266 1110 legiones
281 1052 376 1095 nostrae
393 1045 467 1101 sint;
487 1046 599 1094 desertus
622 1045 665 1101 sis,
677 1059 708 1093 an
722 1045 864 1095 deserueris

91 1120 219 1170 consulem
240 1118 447 1181 exercitumque;
461 1117 520 1166 uicti
535 1116 642 1179 denique
653 1116 740 1175 simus,
753 1130 786 1166 an
798 1117 864 1168 vise·

91 1203 177 1241 nutus.

440 1292 518 1343 XXXV

257 1398 315 1461 Cap.
328 1395 370 1447 41.
382 1395 521 1461 Respondet
537 1398 694 1461 Tempaniae.

41 1508 43 1545 !
109 1523 212 1563 idem
220 1521 263 1559 taaee
271 1517 369 1568 Tempanii
379 1521 442 1556 oratio
449 1518 546 1569 incompta
557 1517 617 1569 tunso
626 1518 707 1562 dicitur.
717 1522 803 1560 cetorum
812 1521 865 1561 maii·

92 1572 160 1608 terite
168 1568 244 1616 gravis,
253 1575 292 1603 non
301 1565 343 1603 suis
351 1573 397 1601 vm
407 1563 505 1604 laudibus.
514 1573 553 1600 uon
562 1564 643 1602 erimine
653 1564 716 1602 alieno
725 1564 784 1603 lata:

114 1668 156 1713 Des
165 1668 188 1711 le
198 1665 299 1722 pretinm
306 1670 359 1714 mot,
370 1663 503 1717 Tempanius
512 1661 608 1718 ecnoppe
618 1675 660 1704 aux
670 1663 756 1705 tribune
770 1675 798 1706 en
808 1664 869 1706 rein-

93 1739 136 1776 stnt
145 1732 176 1776 de
185 1728 298 1785 repandae
314 1727 326 1769 i
341 1726 360 1768 ia
371 1725 472 1781 question
487 1725 540 1768 telle
554 1725 635 1780 qu'oile
652 1739 664 1768 a
681 1726 715 1769 ote
733 1726 813 1781 poseo:
824 1739 863 1769 son

92 1799 144 1843 re'eit
158 1803 208 1842 met
226 1794 367 1838 i'acousation
377 1805 405 1835 en
423 1793 497 1842 doute,
512 1798 534 1834 et
551 1792 572 1834 la
586 1792 661 1847 priene
676 1794 714 1847 qui
731 1793 753 1835 le
770 1795 862 1835 termino

93 1862 171 1906 euiive
182 1872 226 1904 aux
235 1857 323 1900 tribuno
331 1861 380 1898 tout
389 1854 465 1898 oront
477 1853 570 1896 t'inttrot
581 1854 621 1896 dos
629 1855 748 1897 auditonis.

120 1962 220 2018 Quanta
234 1959 367 2023 prudentia
380 1960 417 2008 roi
434 1959 529 2008 bellicae
544 1958 571 2007 in
588 1959 613 2008 G.
632 1958 777 2021 Sempronio
790 1963 863 2011 esset.

94 2043 140 2081 aon
161 2030 256 2079 militis
277 2030 307 2077 de
331 2028 481 2090 imperatore
501 2028 707 2078 existimationem
734 2042 803 2080 essu·
823 2028 865 2076 sed

95 2100 180 2166 populi
210 2097 316 2148 Romani
342 2096 419 2146 tuisse
437 2109 515 2157 qnum
532 2108 589 2144 eum
611 2095 717 2144 comitiis
739 2095 865 2144 consulem

95 2171 208 2234 legeret:
224 2167 309 2229 itaque
321 2178 352 2213 ne
366 2165 397 2212 ab
412 2177 439 2212 se
449 2163 608 2225 imperatoria
628 2163 728 2212 consilia
743 2176 793 2211 neu
807 2176 866 2211 eon·

95 2243 192 2290 statam
214 2242 281 2285 antes
296 2235 464 2296 exquirerent,
480 2247 536 2295 quae
552 2234 697 2295 pensitanda
713 2246 811 2294 qnoque
833 2232 866 2298 (1)

95 2310 192 2372 magnis
206 2306 297 2359 animis
311 2313 385 2366 atque
395 2304 505 2366 ingeniis
515 2312 596 2353 essent
618 2320 622 2351 :
644 2303 685 2351 sed
699 2303 765 2364 quod
779 2303 868 2353 uiderit

96 2389 191 2432 uterne
209 2391 291 2443 posse.
312 2375 406 2425 vidisse
427 2381 511 2423 autem
527 2389 562 2431 se,
585 2374 655 2437 prius
670 2388 743 2435 quam
766 2374 797 2422 ab
814 2374 867 2423 acio

117 2504 205 2551 mii.
222 2504 244 2547 i.
269 2498 346 2550 Pedes,
362 2510 418 2554 pour
430 2507 471 2553 pe·
497 2496 868 2553 quoqne.cottepartionlesemet-

96 2568 159 2612 dita.
497 2567 542 2603 tant
559 2560 657 2613 toujouus
666 2561 734 2613 apres
745 2561 765 2601 ia
774 2565 820 2601 ntot
829 2572 867 2602 au·

115 2628 192 2675 mi.
209 2629 231 2671 t.
251 2625 305 2678 Qua
327 2621 470 2678 pensitanda
496 2623 547 2679 quel
566 2621 609 2664 elle
628 2620 699 2663 donno
717 2621 743 2664 de
762 2621 783 2663 la
800 2622 865 2664 tono.

96 2705 184 2751 qnoque
192 2688 287 2746 naupasia
296 2685 399 2730 animia:
408 2697 436 2728 on
444 2685 470 2729 iit
496 2683 554 2726 lions
563 2683 644 2725 devons
660 2682 713 2724 donc
730 2683 863 2725 mentionnoi

97 2758 149 2800 ainsi
159 2755 216 2799 daus
225 2759 276 2795 tous
285 2749 318 2793 les
327 2750 469 2798 manasei-itm
497 2748 525 2790 ioi
540 2746 560 2788 ia
576 2746 697 2787 connection
715 2745 742 2787 do
752 2745 849 2787 Gronone
862 2757 866 2784 :

98 2817 215 2875 tepeudaut
224 2816 246 2859 la
257 2814 330 2858 banuo
339 2812 423 2856 latinite
432 2810 471 2853 do-
498 2813 550 2865 Qnoe
557 2807 679 2864 pensitare
689 2820 777 2861 quoqne
788 2805 866 2862 antonna

99 2881 173 2925 uanus
181 2871 472 2936 ngoureusomonmapnis
497 2872 573 2917 animi
581 2877 652 2931 atque
663 2869 755 2929 inqenii
765 2871 825 2915 esset

138 2979 266 3029 Meuanas,
409 3045 414 3054 ⁶
739 2975 758 3026 ἴ)
