1904 3216
245 40 249 47 ·
295 42 299 55 ·
423 40 469 73 ··.·.··‚
486 40 509 67 ι··.
527 40 772 87 ss···3:::.-a·²÷³faz-·⁴.·=···,
868 40 940 79 .·'·'*:

652 82 655 91 ¹
694 80 698 89 ¹
930 88 933 101 Ι

228 177 231 181 ’
306 211 344 263 ar
360 213 429 263 airu
446 214 531 266 aiano
547 212 647 265 xxxiv.
814 199 859 265 ata

90 330 154 388 Quid
162 332 515 396 autemleoaruntlsuperbas‚
524 344 565 383 ma
577 330 633 383 dius
640 331 714 383 fidius
723 335 728 381 l
737 346 810 382 aures
819 332 863 384 ha·

88 401 185 455 bamus,
198 402 227 457 si,
241 415 319 463 quum
328 402 423 452 domini
433 416 560 452 servorum
570 415 618 451 non
629 401 755 453 fastidiant
764 416 861 465 praees,

89 484 134 520 nos
148 472 232 532 rogari
245 474 276 521 ab
287 473 505 522 bonestisfeminis
515 473 681 536 indignamur.

119 542 267 593 Venionuno
276 543 306 592 ad
316 543 342 593 id
354 545 384 592 da
395 558 443 607 quo
453 544 537 606 agitur
547 560 553 591 =
564 543 590 592 in
599 556 648 607 quo
657 542 746 607 duplex
757 543 862 597 oonsulis

89 611 169 661 oratio
181 612 235 662 luit.
247 613 305 662 liam
317 619 342 662 et
354 614 432 674 legem
444 613 521 663 ullam
533 612 634 663 omnino
645 608 760 675 abrogari
771 618 811 663 ast
823 613 863 663 io-

89 682 219 745 dignatum
227 685 444 747 ataamproecipuo
451 684 541 747 legam,
552 697 608 747 quaa
615 682 721 733 luxuria
729 682 871 735 muliebris·

90 753 233 803 coercendae
242 767 314 803 rama
324 755 370 805 lato
381 761 454 805 esset.
470 755 501 805 bt
510 754 553 804 illa
562 754 700 805 communis
708 767 754 818 pro
765 753 863 819 legibus

89 824 141 875 risa
154 824 289 896 consularis
303 825 336 890 (l)
347 827 428 876 oratio
440 833 478 876 est
490 841 497 874 ι
508 833 534 877 ot
544 825 599 877 baeo
610 826 727 878 adversus
736 825 862 877 luxuriam

89 892 252 945 severissimis
262 895 376 946 moribus
387 896 557 946 conveniebat.
568 896 656 959 ltaque
663 896 860 959 periculumaat,

89 965 145 1024 nisi,
158 966 219 1029 quid
227 967 252 1015 in
262 973 371 1030 utraque
380 980 409 1016 re
418 965 474 1016 vani
484 965 527 1024 sit,
536 964 705 1025 docuerimus,
714 981 746 1019 no
754 966 812 1030 qaus
820 981 861 1019 ar·
934 970 940 997 ¹¹

87 1049 134 1087 ror
144 1035 212 1086 vobis
224 1038 380 1087 offundatur.
400 1037 449 1101 Ego
462 1036 538 1097 anim,
552 1037 762 1101 quamadmodum
776 1053 808 1089 ax
820 1038 861 1090 his

88 1105 194 1168 legibus,
207 1120 262 1168 quaa
276 1120 326 1156 non
339 1107 364 1156 in
379 1112 476 1169 tempus
488 1106 597 1170 aliquod,
608 1108 653 1159 sed
667 1116 795 1172 perpetum
805 1109 860 1159 uti-

87 1175 165 1225 litatis
172 1189 245 1225 causa
250 1176 277 1225 in
284 1182 404 1226 aetornum
410 1178 464 1228 lata
469 1183 536 1236 sunt,
543 1178 635 1227 nullam
642 1178 758 1241 abrogari
768 1179 861 1229 debera

88 1246 176 1304 fateor,
193 1246 242 1296 uisi
257 1260 331 1310 qaaam
349 1253 393 1297 aut
408 1262 470 1299 usus
483 1247 606 1309 coarguit,
619 1254 663 1299 aut
675 1254 753 1300 status
768 1248 860 1312 aliquis

88 1315 233 1378 reipubliooe
244 1316 358 1367 inutilem
370 1318 430 1368 lacit
438 1334 445 1377 ;
453 1319 501 1376 sio,
508 1330 570 1381 quas
581 1324 693 1383 tempora
702 1319 787 1383 aliqua
796 1320 860 1371 desi·

87 1386 289 1449 deramntlegas,
298 1391 424 1447 mortales,
432 1395 461 1439 ut
466 1389 501 1439 ita
508 1387 599 1447 dicam,
606 1397 633 1439 at
639 1387 791 1453 temporibus
797 1389 860 1453 ipsis

86 1457 221 1507 mutabiles
235 1471 288 1509 esso
307 1459 385 1510 video.
405 1461 462 1517 Qun
477 1460 502 1509 in
519 1472 579 1522 poca
592 1459 647 1509 latro
663 1465 730 1515 sunt,
743 1460 859 1525 plerum-

87 1541 137 1590 que
154 1528 247 1578 bellum
261 1528 377 1592 abrogat3
388 1543 445 1593 quae
459 1529 486 1578 in
501 1530 577 1587 bello,
599 1542 646 1593 pax
667 1546 674 1577 ι
696 1535 725 1580 ut
743 1528 771 1581 in
790 1529 859 1583 naris

87 1597 301 1649 administratione
315 1600 363 1649 alia
373 1600 399 1649 in
407 1600 551 1659 secundam,
561 1599 611 1648 alia
620 1599 646 1648 in
657 1599 784 1651 advmsam
796 1608 861 1653 tam

86 1676 206 1731 pestatam
220 1671 276 1718 usui
292 1677 359 1719 sunt.

118 1739 175 1789 llaeo
186 1754 264 1803 quum
279 1739 315 1789 ita
327 1746 418 1790 natura
432 1740 547 1791 distincta
563 1740 623 1799 sint,
640 1754 670 1791 ox
684 1748 741 1791 utro
759 1742 859 1795 tandem

87 1823 179 1872 genere
192 1824 220 1860 aa
235 1810 274 1860 lox
285 1825 339 1861 asso
350 1811 458 1868 ridetur,
472 1825 546 1873 quam
561 1811 726 1874 abrogamus?
739 1811 775 1860 bn
788 1821 858 1864 votus

73 1936 76 1941 ,
87 1881 156 1941 regia
166 1881 213 1941 lex,
224 1882 298 1930 simul
308 1896 365 1931 cum
376 1884 427 1945 ipsa
436 1886 500 1932 urbo
510 1880 583 1931 natal
590 1886 634 1938 ln,
644 1881 710 1944 quod
720 1884 858 1933 secundum

86 1955 135 2008 est,
145 1950 176 1999 ab
189 1952 333 2001 decemviris
342 1952 373 2001 ad
388 1951 514 2001 condenda
520 1953 578 2013 jura
592 1952 680 2001 creatis
692 1950 717 2000 in
728 1952 858 2003 duodecim

86 2021 179 2071 tabulis
186 2024 292 2084 scripta;
303 2023 357 2072 sina
366 2036 416 2084 qua
424 2037 502 2085 quum
513 2024 619 2086 maiores
628 2024 707 2074 nostri
715 2037 765 2073 non
775 2020 862 2074 existi-¹

85 2092 183 2141 marint
194 2092 269 2141 decus
279 2093 418 2142 matronale
429 2093 524 2143 serrari
536 2108 617 2157 posse,
628 2094 699 2143 nobis
708 2106 808 2156 quoque
819 2108 859 2145 aa·

86 2161 859 2225 rendumsitnecumeapudoremsanctitatemquelaminarum

88 2233 253 2295 abrogemus?
270 2232 328 2290 Quis
340 2233 418 2296 igitur
430 2235 508 2285 nescit
519 2248 605 2284 noram
616 2235 690 2284 istam
703 2233 784 2297 legam
796 2248 858 2295 esse,

88 2300 115 2356 Q.
130 2300 202 2349 Fabio
219 2307 245 2350 et
255 2301 306 2349 Tib.
322 2301 466 2363 Sempronio
479 2302 622 2352 oonsulibus
635 2302 667 2366 (8)
682 2301 771 2365 viginti
787 2302 859 2354 annis

86 2375 145 2420 ante
157 2373 247 2420 latam'l
255 2371 310 2420 sine
322 2385 371 2434 qua
383 2384 461 2433 quum
475 2385 519 2435 par
528 2376 567 2421 tot
580 2385 656 2421 annos
666 2378 787 2423 matronae
795 2372 860 2435 opti·

86 2441 135 2490 mis
150 2440 261 2489 moribus
273 2441 388 2493 vixerint.
400 2442 466 2503 quod
480 2442 589 2501 tandem,
602 2456 634 2491 ua
648 2442 764 2504 abrogata
777 2456 808 2493 oa
818 2443 859 2493 ol-

85 2511 222 2560 lundontur
236 2511 266 2560 ad
277 2511 411 2568 luxuriam,
431 2511 570 2574 perieulum
584 2511 640 2561 est‘l
654 2513 714 2563 liam
730 2512 809 2564 siista
820 2515 860 2565 lex

53 2582 56 2586 ’
87 2588 144 2630 ante
154 2581 188 2646 (9)
200 2582 254 2631 ideo
266 2583 313 2630 lato
330 2587 404 2640 esset,
415 2587 444 2631 ut
458 2582 542 2632 liniret
556 2581 684 2633 libidinem
699 2583 859 2644 muliebrem.

87 2761 233 2802 meraciore
246 2767 273 2801 eo
285 2757 410 2814 quicquam
422 2759 460 2813 fa·
487 2759 537 2812 bus,
556 2759 599 2803 l'au
614 2761 641 2804 do
652 2758 720 2806 Roma
738 2762 785 2814 557,
795 2731 860 2805 avant

87 2820 211 2863 cern-l.
227 2818 369 2870 Gornularis,
383 2821 458 2865 o.·l·d.
486 2820 539 2866 lec.
560 2821 607 2867 215.
626 2845 653 2855 —
670 2820 691 2867 9.
716 2822 784 2868 Anto.
802 2824 865 2865 'lons

87 2880 324 2936 consolarium-8.
334 2880 460 2932 Q.Fabioet
487 2885 520 2930 las
529 2886 666 2933 manuscrits
671 2886 816 2933 dounautisi
824 2886 881 2930 null

88 2943 177 2986 atomo
198 2943 334 2998 Sempronio
355 2945 459 2992 consuli·
487 2950 528 3007 qui
538 2950 574 3004 n'a
584 2950 666 3009 oasda
675 2948 804 2995 sanam
815 2942 896 2987 natan
