1904 3216
287 109 325 159 EX
341 109 410 159 ttttt
426 109 513 160 ttnno
530 106 619 161 tutti.
749 159 751 163 ,
792 108 835 157 181

125 226 229 275 romarus,
242 224 351 279 sonsquoi
367 223 470 269 l'ennumi
486 223 546 271 n‘odt
555 236 593 282 pm
602 237 632 269 ru
640 223 686 268 tuir
697 223 730 268 les
738 224 841 270 Romaius

119 287 157 329 ·Ιι
169 285 278 343 premiere
290 285 338 327 tois.

104 403 150 452 tiis
164 400 354 457 immortalibus,
370 400 437 449 utin
451 399 493 449 tuli
505 415 543 459 re,
556 401 840 465 teudesgratesquengo.

88 475 136 524 uod
147 474 224 523 victor
237 472 324 530 hostis,
344 485 401 520 oum
415 477 482 520 tanto
494 485 582 534 pavore
594 472 762 523 incidentibus
773 474 843 523 robis

74 560 94 595 n
106 546 198 594 mltum
206 549 348 606 portusque,
358 555 408 590 nou
418 542 469 602 ipsu
478 548 556 592 oustm
566 550 603 592 est
612 556 754 606 aggressus.
771 545 843 594 Dese·

75 614 184 666 fuissetis
202 615 311 676 profecto
327 612 412 661 eodem
430 619 529 661 terrore
545 620 633 670 cestre,
654 627 705 675 quo
724 614 842 664 omisistis

75 697 188 748 pugnem.
204 682 249 739 Qui
261 695 337 744 paror
346 681 396 740 hio,
409 681 451 742 qui
464 688 554 740 terror,
569 697 626 746 quae
636 689 746 744 repente,
761 683 842 746 quiet

69 767 126 804 rum
139 753 231 816 quibus
248 751 401 814 pugnaretis,
423 750 514 801 oblivio
530 751 625 801 animos
644 752 729 815 oepit?
750 752 841 816 Nempe

67 822 145 871 iidem
159 828 216 870 sunt
230 820 257 869 hi
268 821 361 877 hostes,
377 833 438 881 qnos
453 819 571 870 vincendo
582 827 608 869 et
621 821 699 870 victos
715 823 842 885 sequendo

66 893 176 957 priorem
188 898 297 941 aestntem
309 889 478 952 absumpsistis
486 908 493 950 ς
502 891 592 953 quibus
601 891 653 941 dies
661 899 795 956 noctesque
806 893 843 942 fu·

66 963 195 1026 gientibus
204 976 247 1025 per
252 963 298 1010 hos
304 960 357 1009 dies
366 960 507 1017 institistis3
516 974 579 1024 quos
586 960 681 1011 levibus
689 962 843 1024 proeliissnti-

65 1033 146 1095 gustis
156 1049 164 1089 ;
187 1046 249 1094 quos
268 1032 384 1080 hesterno
407 1031 446 1080 die
468 1044 515 1080 neo
532 1032 581 1080 iter
596 1033 676 1082 tacere
696 1045 742 1081 neo
760 1039 842 1083 castra

65 1117 160 1168 ponere
175 1103 238 1166 pessi
250 1102 317 1151 ostis.
343 1100 435 1150 Omitto
449 1115 479 1151 en
495 1101 587 1163 quibus
600 1101 703 1164 gloriari
725 1104 841 1164 potestis:

65 1173 139 1235 eujus
153 1179 179 1222 et
187 1173 263 1233 ipsius
277 1172 372 1233 pudere
382 1186 410 1220 no
420 1171 542 1232 poenitere
551 1185 593 1220 vos
603 1176 709 1234 oportet,
722 1172 840 1222 referem.

65 1243 159 1304 Nempe
171 1239 249 1303 eequis
259 1240 375 1289 manibus
398 1242 515 1290 hesterno
527 1240 567 1289 die
578 1238 713 1288 diremistis
723 1253 841 1302 pugnum.

66 1311 132 1369 Quid
141 1310 193 1360 hteo
202 1323 257 1368 nox,
272 1309 331 1372 quid
345 1310 387 1360 hio
402 1310 452 1359 dios
471 1309 575 1359 attulit?
598 1317 685 1358 restrae
703 1309 743 1358 his
764 1311 841 1373 sopite

66 1381 208 1431 imminutae
222 1386 288 1438 sunt,
308 1394 339 1429 an
350 1381 453 1429 illorum
466 1380 564 1430 ructae‘t
584 1379 635 1429 Non
646 1381 762 1441 equidem
778 1381 841 1430 mihi

65 1468 127 1503 oum
136 1452 246 1503 exercitu
258 1466 313 1502 meo
326 1452 395 1513 loqui
407 1452 499 1512 uideor,
512 1465 557 1501 nec
566 1464 624 1501 oum
633 1451 749 1501 Romanis
756 1452 842 1501 mititi-

65 1525 126 1574 hus:
135 1521 840 1584 corporatuntumntquearmnsunteedem.nn,sieosdem

65 1595 162 1643 annuos
171 1592 329 1647 habuissetis,
347 1599 414 1650 terga
434 1597 512 1640 restra
531 1591 631 1641 vidisset
648 1592 749 1642 hostis?
770 1594 841 1655 signu

66 1656 142 1706 alicui
156 1655 282 1716 manipulo
296 1662 336 1701 uut
348 1655 443 1702 cohorti
457 1653 487 1716 (1)
499 1653 642 1703 abstulisset
652 1655 665 1701 ⁸?
675 1656 761 1704 Adhuc
771 1656 842 1706 cesis

66 1726 182 1775 Romanis
199 1725 337 1787 tegiontous
357 1726 523 1785 gloriebatur:
545 1738 588 1773 ros
606 1724 644 1774 itti
661 1726 780 1776 hodierno
801 1727 841 1776 die

65 1797 177 1860 primum
192 1795 270 1856 suguti
282 1794 403 1842 exercitus
417 1793 519 1842 dedistis
533 1794 617 1844 decus.

408 1931 504 1980 ctxttt

66 2059 124 2120 Cap.
138 2054 177 2105 id.
192 2055 265 2104 Verba
285 2056 368 2104 Rouroe
388 2055 454 2104 inter
472 2055 583 2105 donriues
595 2055 668 2120 unlpo
679 2055 792 2118 jactata,
808 2055 840 2105 de

97 2126 209 2260 {rugitu
232 2127 259 2175 iu
275 2125 376 2175 italiam
399 2125 575 2176 Hasdrubalis.
599 2126 654 2192 (545
674 2126 712 2184 tt,
734 2127 779 2176 ι207
800 2142 839 2177 av.

89 2297 207 2339 Hammon.
215 2295 329 2334 Hannibalis
341 2295 411 2334 untur.
424 2307 448 2335 ex
458 2296 491 2333 His
519 2295 549 2334 uin
563 2298 582 2335 in
597 2297 674 2341 (initias,
685 2296 755 2336 deindo
765 2297 784 2335 tu
799 2299 841 2336 ltn-

67 2341 113 2380 tium
127 2341 239 2392 trajecerat.
250 2340 342 2392 consules
351 2349 398 2386 ergo
407 2342 429 2378 C.
438 2341 483 2378 ctau
499 2352 529 2378 rus
543 2343 592 2378 Nero
602 2346 621 2379 et
638 2341 661 2379 tt.
676 2343 748 2392 tutiusz
757 2342 841 2382 druensis

67 2385 179 2425 itineribus.
189 2384 222 2422 die
232 2394 251 2421 m
260 2386 346 2435 Bruttios
355 2385 481 2435 Luonnosrpuo
490 2387 583 2423 adversus
593 2386 723 2425 Hurmibntem.
730 2390 761 2422 tut·
770 2389 841 2425 ndver·

66 2429 250 2469 susurrationem
265 2439 284 2465 ru
292 2430 372 2465 ortium
381 2429 500 2474 cisalpinum.
511 2429 600 2475 proterii.
610 2432 665 2468 vetut
682 2431 701 2467 iu
717 2432 756 2467 duo
767 2432 841 2476 puriter

67 2475 117 2512 betta
127 2473 261 2511 distenderant
276 2482 333 2511 curus
349 2472 456 2515 nominum.
475 2474 532 2512 strunt
548 2474 693 2513 nerorttnntruur
708 2483 755 2523 quos
768 2478 840 2522 primus

66 2519 156 2557 odiuntur
172 2517 285 2555 nominato
301 2518 397 2556 emitteret
412 2518 474 2556 tutto
489 2518 623 2560 etates,stmu1
642 2529 703 2567 qutun
712 2519 746 2556 itta
759 2522 841 2568 ungeret

67 2573 121 2601 curii.

98 2642 164 2698 Quos
176 2647 227 2691 tarn
239 2641 358 2704 propitios
375 2642 432 2691 urbi
450 2650 523 2704 atque
545 2641 652 2705 imperio
661 2643 714 2692 fore
726 2643 793 2702 deos,
812 2648 839 2691 ut

92 2759 178 2805 cxxvt.
213 2763 233 2804 t.
267 2760 384 2817 Nanipqu
418 2773 441 2803 se
468 2760 846 2819 codortinuxaliiestsociitpomno

69 2820 221 2879 rapportedln
237 2821 309 2876 legion
325 2823 438 2866 romniuo:
466 2822 558 2868 nilleurs
573 2823 623 2868 alu.

108 2920 234 2967 noueram.
702 2924 736 2976 n
