1904 3216
272 248 308 297 Ex
326 247 392 296 elul
408 246 495 297 LIBRO
513 245 611 297 xxxvl.
780 245 825 296 267

53 362 158 426 taceaml
173 368 273 426 petrum
285 370 351 412 certe
360 368 432 411 aetate
446 375 478 410 ne
498 362 542 411 uni
557 361 657 425 quidem
671 360 826 424 Epirotarum

52 434 107 495 regi
125 446 211 495 parem
229 432 301 494 (quid
316 431 415 481 tandem
426 431 477 481 erit
490 431 619 482 vobiscum
631 432 826 495 comparatus‘l),

54 505 148 567 geretis
157 504 261 553 bellum.

87 575 145 630 Quae
158 573 238 636 igitur
250 586 293 622 res
309 572 372 621 mihi
387 572 505 622 fiduciam
512 573 616 636 praebet,
628 573 743 636 conjungi
754 572 828 624 uobis

54 643 198 707 Philippum
210 644 302 706 posse‘l
312 642 374 698 Une.
381 642 520 692 communis
528 643 693 705 utilitasque
703 643 830 694 societatis

54 713 325 764 maximumvinculum
332 719 382 762 est:
392 714 480 770 altere,
488 721 656 772 auctoresvos‚
663 716 829 766 AEtoli.lester

55 784 124 835 enim
137 785 235 846 legatus
248 783 290 832 hic
303 783 381 832 Thoas
390 782 456 832 inter
471 791 562 841 cetera,
572 798 628 847 quae
640 786 671 835 ad
683 786 828 836 exciendum

55 854 84 904 in
96 853 218 904 Graeciam
225 853 466 903 Antiochumdicere
475 861 512 902 est
521 856 619 911 solitus,
625 863 682 905 ante
690 856 774 906 omnia
780 857 830 906 hoc

56 939 156 988 semper
170 923 302 973 affirmavit
311 939 317 970 z
326 924 434 974 fremere
449 925 629 987 Philippum‚et
644 927 828 991 aegrepati,sub

55 995 139 1059 specie
151 994 220 1057 pacis
234 993 300 1055 leges
313 994 441 1043 servitutis
453 994 501 1043 sibi
518 996 655 1057 impositus.
666 997 711 1046 llle
727 999 829 1060 quidem

55 1066 118 1115 lerae
128 1065 212 1114 hestiae
221 1065 310 1113 rinctae
321 1070 365 1113 aut
376 1064 474 1125 clausae,
481 1071 505 1114 et
513 1066 655 1128 refringere
662 1068 771 1116 claustra
784 1082 828 1118 cu·

56 1134 146 1198 pienti,
156 1133 224 1196 regis
237 1133 302 1181 irum
316 1132 399 1181 verbis
412 1134 532 1195 aequabat.
543 1133 617 1195 Cujus
627 1135 649 1183 si
661 1136 717 1184 talis
729 1136 829 1186 animus

54 1211 104 1264 est,
113 1206 236 1255 solvamus
250 1217 294 1252 nos
307 1202 362 1265 ejus
381 1204 481 1252 vincula
495 1210 520 1253 el
533 1205 640 1253 claustra
650 1205 828 1268 refringamus,

55 1282 86 1326 ut
95 1288 228 1338 erumpere
237 1273 271 1337 (3)
279 1273 323 1322 diu
337 1275 470 1323 coercitam
480 1276 542 1323 iram
556 1277 582 1325 in
591 1276 675 1326 hostes
685 1290 828 1327 communes

54 1346 144 1411 possit.
157 1344 247 1403 Quodsi
260 1344 323 1392 nihil
338 1357 396 1393 eum
414 1345 506 1407 legatio
515 1353 600 1396 nostra
609 1346 722 1405 moverit,
735 1353 761 1396 at
772 1361 827 1404 nos,

55 1415 175 1479 quoniam
184 1414 321 1464 nobiseum
332 1413 472 1476 adiungere
487 1429 535 1464 nou
548 1429 690 1478 possumus,
706 1430 739 1466 ue
752 1417 830 1467 hosti·

55 1487 105 1537 bus
115 1485 208 1536 nostris
219 1484 260 1532 ille
269 1483 372 1546 adJungi
387 1486 473 1546 possit,
483 1499 618 1535 caveamus.
632 1485 749 1536 Seleucus
761 1487 830 1537 iliius

56 1562 117 1606 tuus
129 1553 287 1618 Lysimachiae
307 1559 363 1603 est:
378 1554 420 1615 qui
441 1554 462 1603 si
478 1568 508 1604 eo
521 1556 639 1616 exercitu,
657 1570 731 1618 quem
744 1571 829 1608 secum

55 1627 142 1681 hahet.
154 1638 200 1689 per
207 1623 336 1672 Thraciam
352 1624 462 1686 proxime
480 1626 623 1676 Macedoniae
638 1627 741 1689 ooeperit
756 1628 831 1690 depo-

57 1696 149 1760 pulari,
165 1694 238 1743 facile
252 1693 282 1742 ah
295 1693 389 1743 auxilio
400 1694 503 1744 ferendo
512 1696 630 1746 Romanis
644 1696 786 1761 Philippum
798 1698 829 1748 ad

56 1781 104 1818 sua
115 1764 276 1829 potissimum
285 1765 378 1813 tuenda
387 1769 487 1814 avertet.

89 1836 124 1886 lle
134 1835 249 1897 Philippo
262 1848 342 1883 meam
359 1836 507 1884 sententiam
516 1838 603 1886 habos.
616 1838 649 1886 lle
664 1837 829 1889 rationeuni-

56 1908 126 1958 versi
142 1906 202 1956 belli
218 1906 276 1968 quid
294 1906 423 1964 sentirem,
434 1907 486 1969 jhm
508 1909 539 1956 ab
555 1907 626 1956 initio
637 1921 687 1956 non
701 1909 828 1970 ignorasti.

59 1978 153 2037 Quodsi
173 1984 228 2025 tum
245 1975 345 2024 auditus
361 1977 449 2036 forem,
463 1991 512 2025 non
531 1979 556 2025 in
580 1979 670 2027 Euhoea
689 1979 829 2028 Chalcidem

57 2055 167 2111 captum,
185 2053 210 2095 et
226 2047 355 2095 castellum
373 2047 459 2108 Euripi
475 2054 643 2109 expugnatum
663 2048 774 2104 Romani,
787 2048 831 2097 sed

57 2118 188 2169 Etruriam
209 2117 381 2179 Ligurumque
394 2123 420 2166 et
436 2116 518 2166 Gallice
532 2117 660 2180 Cisalpinae
676 2131 746 2166 orum
766 2118 831 2167 hello

58 2189 158 2248 ardere,
176 2193 209 2245 et,
226 2187 267 2249 qui
284 2187 405 2236 maximus
423 2188 454 2236 iis
470 2193 552 2236 terror
570 2196 615 2249 est,
629 2189 790 2237 hannibalem
802 2189 830 2237 iu

57 2260 130 2309 ltalia
142 2272 197 2309 esse
207 2257 407 2306 audirenth'unc
416 2271 516 2319 quoque
525 2272 633 2307 arcessas
644 2271 734 2306 censeo
745 2271 831 2308 omnes

57 2332 162 2380 navales
175 2335 357 2389 terrestresque
371 2328 466 2390 copias;
483 2335 620 2389 sequentur
631 2329 732 2376 classem
742 2341 831 2377 onera-

57 2401 104 2451 riae
113 2414 172 2451 cum
183 2399 379 2448 commeatibus:
398 2412 455 2446 nam
468 2399 508 2447 hic
526 2398 591 2447 sicut
607 2399 638 2448 ad
650 2398 710 2448 belli
724 2412 830 2448 munera

59 2553 88 2586 ne
105 2538 225 2595 comprensi
243 2549 282 2593 pas
295 2537 433 2589 cummeneo
461 2538 494 2580 dis
501 2538 566 2592 qu'en
575 2537 706 2593 rappelantl
715 2537 737 2581 la
746 2537 788 2581 lois
794 2551 830 2583 ses

59 2607 117 2647 cette
127 2602 236 2651 occasion,
253 2598 358 2642 llunnihal
376 2611 387 2641 a
404 2610 434 2653 pu
461 2601 562 2642 victoires
572 2606 593 2642 ει
602 2613 637 2643 ses
646 2600 745 2650 (lesches,
755 2601 770 2643 il
780 2614 831 2657 rap-

59 2664 163 2719 rappeler
188 2674 223 2704 ses
242 2673 324 2703 rerer-s.
345 2660 361 2701 ll
382 2660 435 2701 erait
461 2661 565 2716 peluiten
580 2663 650 2705 meme
664 2668 735 2717 temps
748 2663 830 2706 lesim-

59 2736 113 2781 σιμ
122 2725 149 2768 de
159 2723 180 2766 Ιε
190 2724 259 2765 loire:
270 2734 298 2764 en
312 2734 339 2763 ne
349 2721 435 2775 pariunt
462 2735 548 2765 meuses
560 2723 635 2766 ellorts
644 2736 688 2779 que
703 2723 736 2767 les
744 2724 830 2768 dernie-

58 2788 142 2844 quode
156 2785 313 2835 suniemirus,
331 2783 346 2825 il
364 2784 436 2826 uuruit
461 2785 829 2829 resarcientcoilteseuxRomaim.

59 2849 102 2893 hit
117 2848 190 2892 nallre
200 2848 254 2889 dans
263 2846 347 2900 l'esprit
362 2845 434 2888 deses
461 2869 488 2879 -
497 2847 517 2889 5.
532 2847 659 2902 erumpere
675 2852 712 2890 est
725 2848 782 2889 aetii
794 2848 839 2894 ie’xx

59 2912 175 2955 nuditeurs
183 2915 241 2952 cette
249 2907 345 2964 pensio:
359 2924 367 2945 ι
379 2907 436 2951 mois
463 2909 491 2953 cle
502 2909 576 2953 mime
585 2920 631 2964 que
640 2908 699 2951 haus
715 2918 744 2949 ee
752 2914 856 2966 posses}

53 2973 72 3016 il
79 2986 92 3016 a
100 2974 142 3016 hui
147 2985 191 3029 par
201 2974 247 3017 titre
259 2973 340 3017 vuincu
353 2987 376 3025 »ς
387 2980 439 3017 tau·
466 2973 509 3018 iles
516 2973 599 3017 lettres
612 2970 645 3015 he
658 2967 775 3012 Croesum.
784 2961 824 3005 uc
840 2967 873 2997 m
