1904 3216
91 199 122 247 52
397 199 557 249 onlllonns

91 316 200 377 pondere
210 316 266 364 auri
282 316 361 364 loedus
377 329 404 364 ac
420 315 495 364 fidem
506 316 658 374 l'el'ellerunt,
676 323 807 368 verterunt
814 322 864 367 ttr-

91 400 184 445 rorem,
201 386 335 447 fugamque
343 391 367 434 et
379 386 479 433 caedem.

118 493 144 534 ll.
155 491 195 535 Les
205 490 305 546 temples,
323 489 355 532 les
365 489 425 532 lieux
435 490 556 542 consacrbs,
568 496 616 534 tous
630 490 663 533 les
672 489 744 533 cultes
755 489 834 534 etablis
843 497 865 534 et

90 553 187 596 attaches
196 565 225 594 au
237 551 269 594 sol
281 552 309 594 de
319 551 393 602 Rome,
410 551 431 593 le
440 550 544 606 Capitale,
562 550 631 595 lesen
641 551 703 594 sacre
715 551 743 594 de
754 551 816 595 Vesta
832 550 865 595 les

90 616 185 658 comices
195 615 234 669 qui
248 625 276 656 ne
286 620 381 667 pervent
390 625 414 656 se
424 613 482 655 tenir
491 625 535 668 que
544 612 598 656 dans
614 613 635 656 le
649 612 801 668 pomaerium,
818 626 863 670 qne

90 676 181 720 nont-ils
191 674 297 718 devenir?

121 772 144 821 2.
160 773 216 822 llaec
231 770 291 820 culti
300 770 455 832 neglectique
468 770 581 829 ,numinis
593 777 660 820 tanta
675 767 864 819 monimentain

89 842 166 892 rebus
193 840 310 890 humanis
331 846 473 895 cernentes,
490 839 580 902 ecquid
602 838 713 898 sentitis,
740 837 862 894 Quirites,

89 920 213 976 quantum
230 910 332 960 vixdum
348 925 362 958 e
385 910 522 970 naulragiis
537 910 628 973 prioris
644 910 726 971 culpae
737 907 866 969 cladisque

89 990 248 1045 emergentes
265 994 380 1045 paremus
397 980 488 1029 nolas?
513 983 600 1030 Urbem
613 979 741 1042 auspicato
754 979 866 1041 inaugu-

89 1060 194 1117 ratoque
205 1053 329 1102 conditam
346 1052 466 1101 habemus
479 1068 486 1099 ι
499 1053 583 1102 nullus
599 1053 667 1101 locus
678 1050 705 1100 in
721 1064 750 1100 ea
766 1062 866 1100 nonre-

88 1123 213 1186 ligionutn
220 1123 374 1185 deorumque
384 1128 422 1171 est
437 1123 538 1183 plenus:
551 1120 682 1170 sacrificiis
699 1119 865 1169 sollemnibus

24 1224 29 1232 ·
88 1208 139 1244 non
154 1193 208 1243 dies
224 1192 304 1254 magis
324 1192 393 1249 stati,
417 1205 492 1254 quam
511 1192 543 1256 (l)
567 1193 619 1240 loca
634 1198 701 1248 sunt,
720 1190 747 1239 in
770 1189 865 1252 quibus

89 1265 157 1314 fiant.
172 1264 220 1312 llos
236 1276 322 1312 omnes
338 1262 404 1318 deos,
420 1261 532 1323 publicos
552 1262 719 1324 privatosque,
742 1260 871 1317 Quirites„

88 1332 214 1383 deserturi
227 1331 305 1382 estis?
319 1332 395 1388 Quam
412 1345 457 1393 par
467 1339 577 1380 vestrum
590 1334 729 1379 factumest
740 1329 785 1392 15),
796 1329 864 1392 quod

23 1456 26 1461 ‚
58 1424 60 1429 ·
88 1402 115 1452 in
133 1401 265 1452 obsidione
275 1415 355 1464 nuper
364 1402 389 1449 in
399 1402 500 1463 egregio
516 1400 702 1450 adolescenteC.
720 1399 866 1458 Fabio,non

87 1471 186 1522 minore
201 1471 312 1521 hostium
324 1472 496 1527 admiratione,
508 1486 583 1532 onam
597 1477 687 1527 vestra,
705 1477 866 1532 conspectum

88 1549 141 1601 θεῖς
154 1556 234 1606 quum
247 1542 314 1592 inter
328 1542 420 1592 Gallica
433 1542 482 1591 tela
489 1545 621 1604 degressus
632 1555 662 1591 ex
676 1555 733 1592 arce
743 1541 866 1591 sollemne

89 1614 171 1664 labia
192 1613 275 1677 gentis
286 1613 312 1662 in
328 1614 390 1662 colle
404 1613 527 1668 Quirinali
540 1611 620 1662 obiit?
631 1614 668 1661 ln
688 1611 815 1671 gentilitia
832 1612 864 1675 lb)

89 1699 160 1735 sacra
182 1699 214 1734 ne
233 1682 261 1733 in
275 1683 341 1734 bello
357 1683 458 1745 quidem
480 1683 623 1740 intermitti,
644 1683 743 1746 publica
757 1698 828 1734 sacra
839 1693 866 1735 et

90 1756 210 1805 Romanos
216 1755 274 1804 deos
286 1754 362 1803 etiam
378 1755 404 1802 in
417 1768 476 1816 pace
489 1753 571 1803 deseri
584 1753 684 1816 placet?
695 1760 719 1802 et
735 1754 866 1817 pontifices

88 1826 251 1888 flaminesque
267 1825 460 1887 negligentiores
472 1825 630 1886 publicarum
637 1825 791 1887 religionum
800 1840 865 1890 esse,

88 1909 164 1959 quam
188 1895 299 1957 privatus
323 1895 349 1943 in
370 1894 475 1944 solemni
494 1895 577 1956 gentis
593 1893 689 1944 luerit?
704 1919 735 1929 —
751 1894 865 1945 Forsitan

90 1966 181 2029 aliquis
199 1967 275 2023 dicat,
294 1973 338 2016 aut
355 1965 419 2014 lleiis
436 1980 464 2014 ea
484 1980 529 2014 uos
549 1969 668 2021 l'acturos,
684 1970 727 2014 aut
743 1966 794 2015 huc
807 1965 865 2015 inde

90 2037 211 2086 missuros
228 2039 367 2085 sacerdotes
385 2042 491 2095 nostros,
508 2035 552 2096 qui
563 2035 668 2084 iaciant:
685 2047 795 2096 quorum
806 2049 865 2086 neu-

88 2114 158 2156 trum
172 2106 228 2155 lieri
244 2105 318 2155 salvis
338 2105 489 2155 cerimoniis
502 2112 587 2166 potest.
606 2107 633 2152 tt
645 2119 676 2154 ne
691 2105 776 2155 omnia
790 2118 865 2165 gene·

88 2177 166 2225 ratim
183 2190 253 2226 sacra
266 2189 401 2238 omnesque
414 2189 573 2238 percenseam
586 2176 658 2223 deos:
671 2175 698 2224 in
713 2176 780 2226 lovis
791 2177 865 2240 epulo

92 2263 153 2298 num
167 2248 228 2298 alibi
239 2262 317 2311 quarn
328 2247 489 2310 incapltolio.
498 2247 610 2309 pulvinar
617 2245 709 2306 suscipi
722 2245 755 2308 l'l)
766 2246 865 2304 notest't

91 2320 155 2376 Quid
166 2321 196 2368 de
209 2318 312 2368 aeternis
326 2319 401 2367 llestae
417 2319 517 2379 ignibus
533 2317 664 2377 signoque,
679 2316 745 2378 quod
761 2315 862 2379 imperii

88 2391 179 2453 pignus
196 2389 228 2452 (8)
245 2389 357 2439 custodia
374 2388 427 2457 ejus
446 2387 531 2449 templi
554 2393 662 2444 tenetur,
680 2385 785 2447 loquar?
800 2386 862 2447 quid

89 2508 156 2540 mure
165 2496 245 2538 condit.
256 2518 283 2526 -
290 2494 311 2537 d.
322 2493 371 2537 Noa
386 2493 462 2548 moola
488 2492 584 2534 donnent
593 2499 642 2535 tous
652 2492 684 2535 les
693 2491 823 2536 comana.
835 2516 861 2526 -

89 2570 167 2614 quom,
184 2557 268 2600 c-d.-d.
289 2568 315 2598 nr
338 2554 388 2597 dica
404 2554 462 2597 stati
489 2553 757 2610 remandasset-dira
765 2555 860 2609 parari.

88 2621 150 2670 sunl,
163 2619 276 2662 itoeta'am
285 2617 335 2661 loca
344 2616 464 2670 (comtitu-
490 2616 612 2666 pulvinar,
622 2618 710 2659 conscio
723 2628 763 2658 sur
778 2616 860 2673 lequel,

90 2684 131 2736 tal.
144 2684 193 2737 loy.
210 2680 298 2732 CLXXV,
308 2687 359 2723 note
374 2680 395 2724 3.
405 2681 461 2725 -5·
490 2677 543 2719 daur
559 2681 617 2719 cette
632 2673 747 2724 solennite,
762 2687 791 2718 ou
809 2689 861 2720 cort·

90 2742 462 2798 Quomporoeatrnmsnctumeet,
490 2736 862 2793 chaitlaetatuadelupiterderant

89 2812 163 2846 s.-ent.
175 2805 196 2845 ei
206 2807 269 2858 facto
279 2805 376 2858 qnod...,·
384 2806 460 2847 ironic.
490 2814 534 2844 une
544 2802 601 2844 table
610 2801 688 2844 servia.
698 2823 725 2832 ·-
733 2800 753 2845 8.
763 2801 861 2858 Imperii

88 2865 144 2907 -6.
156 2865 280 2907 Gentllitio
294 2868 462 2915 inormceciest
487 2865 611 2921 planando
625 2863 753 2915 Palladium,
762 2865 859 2920 apponte,

87 2923 461 2986 laterneetnonnasyenttttaque
488 2929 575 2970 suivant
591 2927 625 2970 las
644 2927 758 2970 uaditlom
776 2928 862 2984 ayllo-

268 3088 279 3180 i
