1904 3216
87 185 122 234 20
394 188 555 238 ORATIONES

87 301 242 350 desiderium
252 318 258 359 ;
270 315 347 363 quum
357 302 497 364 praesertim
507 316 552 351 uec
569 315 614 352 nos
630 307 785 364 temperemu

89 372 176 435 periis,
190 385 240 435 quo
257 372 341 420 minus
355 371 393 419 illi
405 373 489 420 auxilii
506 378 604 434 egeant.

445 504 509 553 llll

88 608 148 670 Cap.
163 606 203 655 55.
216 607 305 657 Oratio
319 607 456 672 leqotorum
470 609 564 658 Valerii
573 615 597 659 et
609 610 711 660 Horatii
720 610 755 659 ad
763 613 787 660 P<

372 678 399 726 in
412 679 489 728 Sacro
500 684 590 730 monte.

99 768 161 821 'vieti
170 770 250 808 taudem
259 779 352 809 consensu
360 771 437 809 Putrum
446 771 558 817 decemviri,
565 783 587 810 se
593 774 681 811 abituros
690 773 787 818 magistrat

90 812 181 864 beentur.
191 815 259 862 Legati
270 816 357 853 Valerius
367 817 496 861 Horatiusque
504 818 570 855 statim
580 818 633 855 missi
641 820 666 853 au
677 817 752 864 plebem
762 828 785 854 eo

87 859 155 901 nibus.
182 860 239 898 uiuus
254 860 362 905 videretur,
379 866 504 899 reuocandam
528 861 584 900 Plebs
602 863 719 910 potestatem
738 861 787 898 tribu

91 871 287 951 provee-alumnique
297 905 408 954 repetebat:
417 904 536 956 decemviros
542 906 587 943 dedi
595 907 707 955 postulabat
713 905 787 953 virosqt

87 954 113 984 te
121 951 288 985 concrematurum
297 950 414 987 minabatur.
423 950 488 996 Legati
497 951 522 987 ad
532 960 554 988 eu
566 960 571 987 :

117 1033 145 1078 Im
152 1035 218 1092 plebs
228 1049 240 1078 a
249 1036 325 1078 hesoin
335 1037 362 1079 de
372 1036 449 1079 liberte
456 1053 462 1088 ;
470 1039 513 1081 elle
523 1038 555 1080 lui
565 1044 598 1080 est
607 1037 710 1081 aeeordte
719 1053 724 1090 ;
734 1039 787 1081 mais

90 1095 119 1140 de
128 1096 226 1139 liceuee:
237 1110 265 1140 ne
275 1098 306 1139 lui
316 1099 420 1141 reste-til
430 1111 468 1153 pas
477 1099 498 1142 le
508 1100 565 1142 droit
573 1100 601 1142 de
608 1100 674 1154 juger
684 1100 716 1141 les
726 1101 787 1156 eitop

122 1195 183 1251 Quae
194 1195 291 1244 consilii
304 1197 415 1254 luerunt,
430 1199 490 1246 adeo
501 1196 572 1260 aequa
586 1199 736 1260 postulastis,
753 1207 782 1247 ut

87 1265 159 1316 vobis
172 1265 305 1313 deterentia
318 1268 427 1324 tuerint;
439 1267 548 1316 libertati
559 1268 627 1316 enim
636 1283 663 1318 ea
677 1269 787 1331 praesidia

88 1336 131 1393 tis,
144 1347 194 1382 non
204 1336 312 1384 licentiae
319 1336 350 1383 ad
359 1337 537 1398 impugnandos
547 1338 617 1389 alios.
625 1339 673 1387 lrae
684 1347 772 1389 vestrae
781 1354 787 1388 1

87 1405 265 1466 ignoscendum
273 1420 347 1466 quam
359 1406 538 1469 indulgendum
547 1415 584 1457 est
599 1410 705 1472 :quippe
715 1409 758 1470 qui
769 1424 787 1458 ci

87 1480 167 1533 litatis
178 1480 236 1546 odio¹
247 1479 274 1528 in
286 1480 458 1529 crudelitatem
473 1479 557 1537 ruitis,
573 1487 607 1536 et,
618 1483 690 1543 prius
704 1495 774 1544 paene
786 1506 787 1519 i

87 1552 138 1618 ipsi
150 1552 224 1602 liberi
236 1552 301 1605 sitis.
310 1552 433 1600 dominari
442 1553 491 1614 jam
499 1553 526 1600 in
536 1551 785 1602 adversariosvultis.

89 1635 199 1683 quamne
210 1628 320 1682 qmeseet
333 1620 419 1668 civitas
430 1626 513 1667 uestra
528 1632 542 1666 a
555 1617 692 1678 suppliciis.
705 1625 748 1664 aut
759 1615 787 1663 Pa

89 1693 118 1742 in
129 1693 228 1754 plebem
240 1692 374 1739 Romanam
388 1695 431 1738 aut
447 1689 525 1751 pletis
537 1688 562 1735 in
576 1687 678 1736 Patres?
698 1685 770 1734 Scuto

88 1762 169 1823 magis
185 1776 259 1824 quam
270 1761 352 1822 gladio
362 1774 424 1819 opus
439 1766 485 1807 est.
498 1758 560 1807 Satis
572 1769 697 1818 superque
709 1755 788 1803 humil

88 1834 135 1898 qui
145 1833 204 1896 jure
215 1846 285 1894 aequo
301 1832 325 1880 iu
339 1832 438 1881 civitate
451 1829 520 1886 vivit,
534 1843 580 1877 nee
593 1826 722 1876 inferendo
733 1826 785 1888 inju

89 1918 136 1954 nec
144 1904 268 1967 patiendo.
279 1901 368 1956 liliam.
383 1901 512 1962 siquando
523 1899 718 1949 metuendusvos
730 1897 787 1959 prael

89 1975 159 2032 estis,
173 1986 260 2035 quum,
276 1972 428 2034 reeuperatis
445 1969 635 2029 magistratibus
649 1967 787 2030 legibusque

88 2045 145 2102 tris,
152 2043 244 2106 judicia
255 2055 329 2104 penes
338 2055 379 2090 vos
388 2048 464 2090 erunt
470 2041 500 2088 de
510 2039 589 2102 capite
598 2045 682 2088 nostro
690 2036 787 2087 fortuni:

88 2121 158 2172 tune,
175 2118 203 2162 ut
215 2126 321 2176 quaeque
331 2124 405 2159 causa
420 2110 477 2166 erit,
492 2109 624 2159 statuetis:
640 2121 707 2156 nune
720 2106 787 2155 liberi

89 2185 170 2250 repeti
182 2185 241 2233 satis
254 2189 299 2232 est.

438 2267 512 2317 lllllll

199 2375 255 2436 (lap.
267 2372 307 2423 5⁴.
326 2371 403 2423 Verbo
417 2371 555 2436 leqotorum
565 2387 613 2436 pro
621 2387 749 2422 eoumque.

113 2477 220 2516 Decemviri
229 2477 319 2516 abdicant
327 2486 348 2515 se
364 2476 485 2523 magislratu.
495 2477 568 2523 lugenti
578 2477 676 2514 homiuum
691 2475 787 2515 laetitia.ss

90 2522 212 2562 multitudini
227 2523 265 2560 ulia
281 2521 337 2559 turha
353 2530 378 2559 οι
394 2521 465 2558 easuis
479 2521 571 2558 occurrit.
587 2523 639 2565 Quos
656 2522 787 2567 coiigratulum

91 2567 224 2607 adhortantur
235 2566 309 2614 legati:

125 2647 195 2706 Quod
206 2648 310 2703 bonum,
324 2648 432 2696 faustum
440 2645 547 2708 felixque
562 2647 595 2695 sit
601 2647 670 2696 vobis
678 2647 766 2708 reique
777 2660 787 2708 p

92 2731 138 2774 ere,
148 2716 262 2765 reditein
273 2718 382 2779 patriam
394 2717 425 2766 ad
432 2717 539 2776 Penates,
551 2717 668 2778 conjuges
678 2717 784 2781 liberosq

93 2829 192 2874 mussas
200 2829 276 2872 lettres
286 2843 292 2871 :
301 2830 333 2873 Ισ
343 2842 397 2875 vero
404 2829 466 2872 nteit
493 2829 565 2872 mouit
581 2841 691 2885 unquam,
708 2843 735 2872 ur
750 2842 787 2873 nui

94 2890 193 2936 &terum
206 2903 236 2935 uo
247 2891 357 2945 juvenem
374 2891 467 2947 quidem
493 2903 553 2944 uem,
565 2904 621 2947 pour
630 2891 721 2934 nedum.
