1904 3216
114 163 164 213 526
278 179 281 187 ·
335 199 338 205 -
422 163 582 214 oralionus

114 279 278 341 gentibusque
291 279 358 336 fidei,
375 293 450 343 quam
464 279 576 338 violavit,
599 280 704 331 meritas
726 293 813 342 poenas
836 281 887 330 sol·
920 279 943 338 ,“

114 354 220 398 ventem.

144 421 184 476 at,
198 420 308 479 hercule,
318 421 340 469 si
353 434 411 470 mox
421 421 527 470 eundem
539 420 680 470 Graecorum
691 419 766 470 urbes
777 426 821 470 aut
834 421 891 472 flel-

113 491 252 553 lespontum
265 498 361 541 vastare
369 491 654 550 nuntiatumeritvobis,
668 504 718 553 quo
727 490 813 540 dolore
826 493 888 542 affl·

113 561 223 618 ciemini,
239 563 340 611 Bessum
352 562 455 624 praemia
471 568 560 611 vestrae
582 562 739 623 occupavisse
756 561 891 612 victoriae?

112 632 180 680 func
189 631 218 679 ad
232 633 379 694 repetendas
392 646 433 682 res
448 632 608 690 festinabilis,
623 638 683 682 tunc
690 645 760 682 arma
772 632 886 695 capietis.

112 701 207 756 Quanto
218 709 302 750 autem
315 708 424 764 praestat,
435 702 553 751 territum
565 703 646 751 adhuc
657 707 683 750 et
691 701 826 751 vixmentis
833 715 886 751 suae

112 777 251 831 compotem
260 770 417 832 opprimere?
429 770 559 826 Qualridui
570 771 642 821 nobis
650 771 700 820 iter
709 777 832 832 superest,
842 771 886 836 qui

113 844 149 887 lot
160 841 484 900 proculcavimusnives‚tot
489 854 574 890 amnes
584 841 765 903 superavimus,
773 845 810 889 tot
816 854 887 891 mon·

57 950 59 954 .
111 907 175 956 tium
180 909 241 970 juga
249 910 452 958 transcurrimus.
462 911 512 957 uon
520 922 590 958 mare
596 909 666 964 illud,
676 909 740 971 quod
749 914 886 961 exaestuans

113 978 162 1025 iter
180 978 297 1029 fluctibus
309 985 413 1042 occupat
427 980 469 1043 (6),
484 986 571 1029 euntes
590 993 636 1029 nos
650 985 772 1036 moratur,
785 992 837 1029 uon
847 981 887 1031 ci-

111 1045 176 1095 liciae
185 1047 268 1096 fauces
276 1054 301 1097 et
314 1049 434 1107 angustiae
445 1048 589 1099 includunt:
598 1047 759 1110 planaomuia
771 1054 797 1099 et
807 1063 887 1112 prona

112 1123 178 1166 sunt.
196 1119 223 1166 ln
233 1117 286 1179 ipso
302 1118 389 1167 limine
397 1119 509 1169 victoriae
514 1125 615 1169 stamus.
625 1119 778 1168 Paucinobis
783 1119 886 1182 fugitivi

109 1188 236 1237 etdomini
251 1189 290 1237 sui
301 1189 471 1239 interfectores
483 1196 626 1251 supersunt.
632 1187 776 1251 Egregium,
787 1190 887 1243 meher-

108 1259 174 1315 cule,
187 1271 248 1320 opus
259 1266 284 1307 et
297 1260 363 1308 inter
373 1260 455 1321 prima
479 1259 565 1320 gloriae
588 1265 674 1307 vestrae
698 1257 886 1307 numerandum

111 1327 251 1388 posteritati
261 1329 381 1390 famaeque
394 1329 496 1378 tradetis
508 1346 514 1376 :
533 1328 599 1378 Darii
610 1341 707 1390 quoque
713 1326 800 1385 hostis,
811 1327 886 1377 finito

111 1403 280 1458 postmortem
292 1399 360 1448 illius
374 1399 438 1456 odio,
453 1399 593 1461 parricidas
602 1412 656 1448 ease
667 1410 710 1446 vos
721 1398 794 1454 ullos,
804 1399 887 1448 nemi·

109 1481 167 1516 nem
190 1469 295 1530 impium
307 1470 425 1532 effugisse
436 1475 529 1519 vestras
543 1483 642 1517 manus.
660 1468 710 1516 lloc
729 1473 883 1531 perpetrato,

111 1544 202 1597 quanto
213 1539 316 1588 creditis
325 1541 412 1589 Persas
423 1539 624 1602 obsequentiores
639 1538 702 1594 fore,
714 1550 794 1600 quum
809 1537 887 1588 intel·

109 1607 223 1663 lexerint,
237 1622 278 1656 vos
287 1609 329 1670 pia
342 1610 405 1659 bella
414 1610 541 1671 suscipere
552 1615 578 1657 et
589 1607 655 1657 Bessi
670 1606 769 1666 sceleri,
780 1619 832 1656 non
842 1621 886 1657 no

110 1675 171 1724 mini
186 1689 231 1724 suo
243 1677 333 1726 irascit

110 1832 481 1891 qu'illuietaltdifftciled'aocepter
506 1835 544 1890 qui
554 1835 628 1878 etaita
642 1846 679 1876 sec
693 1832 818 1877 seulement
828 1835 885 1879 dem

110 1891 130 1934 la
162 1897 304 1948 proposition.
333 1921 360 1928 -
382 1898 404 1941 6.
431 1898 478 1941 Non
506 1895 619 1950 lescemps
634 1895 722 1939 calmes.
739 1893 883 1950 Alexandrou

110 1957 481 2014 more....eraesluonetterttucti·
507 1959 578 2001 arcina
585 1956 771 2012 parunrnauvais
779 1962 853 2012 temps
860 1963 883 2000 et

107 2015 151 2058 tua
159 2022 268 2074 occupat,
281 2021 374 2063 allusion
383 2033 425 2064 aux
438 2019 481 2063 dif-
507 2020 535 2073 s'y
559 2030 653 2072 ongagca
676 2018 688 2059 a
710 2023 759 2060 tout
785 2017 880 2070 hasard;

110 2077 194 2122 nealces
201 2081 357 2135 qu’flexandre
367 2085 422 2126 enta
431 2094 480 2125 sur·
507 2093 542 2122 ses
552 2080 632 2123 soldata
643 2078 781 2121 marcherenl
791 2090 822 2121 un
829 2080 884 2134 jour

110 2148 195 2183 mouter
208 2154 264 2196 pour
281 2151 355 2191 entrer
373 2158 401 2187 en
418 2144 481 2187 Parn—
507 2143 586 2196 entier,
595 2144 614 2186 la
622 2140 698 2185 moine
708 2140 738 2184 du
744 2152 809 2196 corps
818 2141 883 2197 plou-

109 2201 189 2256 pliylie.
197 2205 242 2245 lux
251 2206 353 2249 environs
362 2207 389 2249 de
400 2207 419 2248 la
428 2205 480 2248 ville
507 2205 547 2260 gea
557 2205 611 2248 dans
620 2203 653 2246 les
667 2202 717 2245 ssots
730 2201 816 2256 agitem
827 2203 883 2246 maia

109 2262 136 2305 de
151 2263 254 2316 Phaselis,
265 2279 294 2308 au
310 2268 359 2322 pied
379 2269 480 2311 dumont
507 2265 524 2310 ll
541 2267 627 2322 parvint
649 2265 661 2305 al
679 2269 755 2306 entrer
772 2275 801 2306 en
819 2262 884 2307 Pam·

109 2323 192 2366 Klimax
202 2327 240 2380 qui
250 2340 328 2369 uvance
340 2329 418 2370 versla
433 2340 480 2369 mer
507 2328 588 2384 phylie.
605 2326 648 2370 Son
666 2324 742 2367 enuee
760 2337 788 2368 en
804 2324 882 2370 Cilicio

42 2423 47 2433 ,
110 2387 166 2440 (pres
194 2387 222 2428 du
252 2400 291 2443 cap
322 2389 438 2442 d'lvvoa),
464 2390 480 2431 il
507 2386 650 2430 estracontee
666 2383 882 2428 cautellam-nunu

108 2449 217 2492 n'existait
226 2449 293 2504 qu'uu
310 2451 375 2494 etroit
390 2463 479 2507 passage
506 2448 524 2501 l,
533 2461 555 2505 P·
565 2447 616 2499 5»ss
