1904 3216
130 201 198 252 mc¹
436 201 597 253 enumeres
672 169 676 176 ’

135 322 181 372 est,
191 315 225 365 sit
238 315 299 365 deus
309 328 390 365 causae
404 329 466 365 meae
474 316 555 367 testis.
568 314 680 365 Retinete
696 329 736 366 me
747 317 775 366 in
783 317 905 378 vinculis,

133 387 193 436 dum
202 387 749 438 consuliturllammonarcanumeteecultum
755 388 905 453 seelusllbl.

131 457 247 518 luppiter
261 457 338 512 enim,
355 457 398 519 qui
413 470 498 519 regem
506 462 621 505 nostrum
634 457 750 520 dignatus
763 465 801 507 est
811 458 905 518 fllium,

132 527 260 577 neminem
268 540 365 585 eorum,
375 528 419 590 qui
428 528 501 590 stirpi
510 541 561 577 suae
568 527 680 576 insidiati
692 535 759 586 suut,
772 529 852 580 latere
863 544 907 593 pa-

133 596 221 646 tietur.
235 597 260 645 Si
280 596 387 646 certiora
398 596 506 646 oraculis
525 597 628 646 creditis
644 611 699 646 esse
717 604 852 659 tormenta,
872 613 907 650 ne

132 667 197 716 banc
209 666 310 730 quidem
321 666 463 717 exhibendae
471 667 584 716 veritatis
597 668 670 717 iidem
681 669 808 731 deprecor.

166 737 295 788 Solentrei
307 737 396 799 capitis
414 737 533 788 adbibere
543 737 612 787 robis
632 745 746 801 parentes
764 739 823 803 (te).
837 739 907 790 Duos

133 809 225 858 tratres
239 820 285 868 ego
294 821 374 869 nuper
388 808 461 856 amisi
466 824 474 866 ;
487 815 583 870 patrem
594 822 640 857 nec
656 809 784 858 ostendere
799 823 906 871 possum

133 891 179 928 nec
188 877 304 926 invocare
315 877 402 934 audeo,
413 890 492 940 quum
500 883 526 927 et
534 878 587 941 ipse
596 878 659 927 tanti
669 879 783 928 criminis
792 893 853 929 reus
860 880 908 930 sit.-

132 947 224 996 Parum
235 953 273 997 est
281 947 358 1003 enim,
373 947 491 996 totmodo
505 948 613 997 liberum
632 953 769 1010 parentem,
786 947 815 998 in
825 949 906 1000 unico

133 1018 185 1067 tilio
193 1018 399 1079 acquiescentem,
410 1032 438 1066 eo
449 1031 548 1081 quoque
559 1019 653 1075 orbari,
665 1018 692 1066 ni
704 1019 757 1079 ipse
770 1018 798 1067 in
809 1033 906 1082 rogum

132 1100 217 1136 meum
228 1087 374 1150 imponitur.
394 1089 467 1150 Ergo,
477 1088 606 1138 carissime
622 1094 700 1151 pater,
711 1095 736 1137 et
747 1095 852 1151 propter
861 1103 905 1139 me

132 1157 250 1206 morieris
260 1163 286 1206 et
296 1171 402 1207 mecum.
413 1159 464 1220 Ege
473 1158 520 1208 tibi
536 1159 612 1207 vitam
623 1159 715 1215 adimo,
732 1172 777 1221 ego
789 1166 905 1209 senectu-

133 1233 185 1277 tem
201 1235 269 1277 tuam
288 1229 434 1291 exstinguo!
450 1229 512 1291 quid
524 1230 595 1279 enim
606 1243 646 1279 me
659 1231 806 1292 procreabas
818 1231 905 1281 infeli·

133 1312 187 1347 cem
201 1299 388 1348 adversantibus
400 1299 466 1348 diist
477 1315 509 1348 an
520 1307 550 1349 ut
561 1301 606 1349 hos
618 1315 647 1349 ex
658 1314 698 1349 me
707 1300 809 1361 *fructus
820 1302 906 1363 perci-

133 1383 213 1431 peres,
233 1368 276 1431 qui
292 1374 317 1418 te
335 1369 451 1418 manent?
462 1369 557 1426 lleseio,
577 1369 745 1418 adolescentia<
758 1382 813 1418 mea
827 1370 905 1420 mise-

133 1437 187 1486 rior
195 1437 238 1494 sit,
250 1451 281 1486 an
292 1444 407 1487 senectus
418 1445 473 1487 tua:
485 1452 531 1500 ego
543 1439 570 1487 in
583 1439 636 1501 ipso
649 1439 739 1488 robore
757 1439 839 1488 aetatis
851 1441 905 1489 eri·

132 1507 189 1569 pior
201 1506 266 1571 (ld);
279 1507 326 1556 tibi
338 1509 448 1558 carnifex
460 1509 578 1570 spiritum
601 1509 702 1564 adimet,
717 1521 791 1571 quem
810 1509 833 1558 si
849 1510 904 1558 for-

79 1584 81 1589 '
132 1583 193 1626 tuna
210 1583 350 1639 exspectare
365 1579 492 1636 voluisset,
514 1584 601 1628 natura
623 1580 744 1641 poscebat.
766 1577 904 1630 Admonuit

132 1659 173 1694 me
185 1647 265 1708 patris
275 1647 325 1695 mei
336 1648 438 1704 mentio,
451 1662 525 1710 quam
536 1648 624 1697 timide
636 1656 661 1697 et
673 1654 826 1706 cunctanter,
842 1664 902 1712 quae

134 1717 262 1766 Cebalinus
278 1717 400 1766 detulerat
415 1719 506 1775 adme,
520 1718 631 1768 indicare
648 1719 785 1768 debuerim.
801 1719 905 1770 Parme·

132 1784 176 1834 nio
186 1786 262 1840 enim,
277 1799 354 1846 quum
365 1787 475 1836 audisset
485 1800 608 1835 venenum
616 1801 630 1835 a
638 1787 751 1849 Philippo
760 1789 904 1839 medicare·

133 1857 159 1918 gi
170 1858 260 1916 parari,
269 1859 395 1906 deterrere
404 1872 461 1907 eum
471 1859 547 1907 voluit
554 1859 658 1920 epistola
668 1858 762 1920 scripta
771 1857 831 1922 (15),
839 1874 903 1922 quo·

133 1928 217 1976 minus
226 1928 431 1977 medicamentum
441 1928 547 1984 biberet,
559 1929 624 1990 quod
638 1927 749 1977 medicus
765 1929 825 1977 dare
843 1942 903 1978 con-

134 1997 257 2046 stituerat.
271 1998 334 2045 llum
344 1997 467 2046 creditum
483 2003 521 2047 est
534 1998 598 2060 patri
613 1997 686 2047 meo?
698 2011 759 2047 num
768 1997 845 2048 ullam
857 2012 905 2048 au·

133 2068 273 2116 ctoritatem
293 2067 347 2128 ejus
366 2067 457 2115 litterae
477 2066 633 2116 babuerunt?
649 2067 699 2127 Ego
718 2067 779 2129 ipse,
793 2070 902 2130 quotieS,

134 2151 190 2200 quae
205 2138 343 2195 audieram,
361 2137 449 2195 detuli,
465 2151 522 2186 eum
535 2137 645 2186 ludibrio
656 2138 809 2187 credulitatis
820 2143 905 2202 repul·

134 2307 193 2349 aussi
203 2319 209 2349 ι
220 2306 253 2349 dit
265 2317 318 2349 avec
333 2303 444 2357 sincerite,
453 2315 506 2347 avec
533 2305 610 2347 ancien
620 2304 718 2358 example
727 2304 754 2347 de
765 2310 821 2347 cette
833 2306 904 2360 signi-

135 2367 255 2422 ingenuitd,
274 2379 327 2409 avec
345 2366 462 2409 franchise.
478 2388 506 2397 -
532 2365 904 2422 ficationlre'queutedauslabacse

134 2431 168 2474 lb.
174 2428 309 2473 Consulitur
319 2429 431 2472 Hammon
437 2439 506 2470 orca·
532 2427 698 2470 latinae-tt.
712 2427 904 2484 Eripior,jesuis

134 2504 191 2535 num
199 2492 280 2542 scelus,
290 2491 438 2533 construction
447 2501 504 2541 rare,
533 2487 617 2538 enleve,
627 2501 651 2530 se
660 2494 737 2530 trouve
745 2490 853 2543 plusieurs
859 2489 904 2536 tots

134 2555 189 2596 mais
198 2554 308 2608 reguliere
321 2552 405 2607 d'apres
417 2551 507 2593 l'analo·
533 2561 583 2591 sans
594 2549 649 2591 datis
655 2548 709 2591 daus
720 2548 785 2600 0.·C.,
795 2562 816 2603 p.
828 2550 902 2603 erlll,

49 2614 51 2620 ⁴
135 2616 170 2668 gie
181 2615 209 2657 de
225 2616 245 2657 la
263 2615 360 2656 locution
375 2614 444 2655 active
454 2624 506 2655 eon·
532 2611 567 2652 eh.
580 2609 614 2653 te.
623 2609 692 2664 (llam.
701 2622 723 2666 p.
738 2611 775 2661 lt:
794 2610 905 2656 Clarissi-

133 2675 210 2718 sulere
228 2675 331 2730 aliquem
347 2673 440 2729 aliquid
463 2685 506 2728 que
532 2684 595 2713 mum
619 2683 696 2726 recem
703 2703 743 2714 .....
769 2671 905 2719 abluentem

134 2735 178 2777 l'on
188 2743 265 2779 trouve
275 2736 329 2777 dans
339 2734 425 2776 Plaute:
434 2732 506 2778 lecet
532 2744 594 2786 equa
604 2743 687 2787 corpur
703 2734 808 2787 ereptum
824 2745 871 2777 ecee
879 2739 904 2779 et

134 2797 254 2839 consulam
272 2797 331 2839 banc
347 2807 397 2839 rem
409 2794 503 2837 emices.
531 2793 677 2837 exstinctum.
696 2817 723 2826 -
740 2795 773 2849 15.
796 2794 903 2850 Epistola

133 2858 201 2902 -15,
211 2859 328 2911 Parentes,
335 2857 367 2899 les
376 2862 463 2914 parents
470 2857 503 2909 (de
530 2857 627 2912 scripta,
648 2869 694 2913 voy.
711 2857 733 2900 la
752 2855 864 2901 Narration
875 2858 894 2912 l,

126 2926 178 2968 tous
192 2922 290 2982 degree).
310 2923 367 2971 d'est
381 2921 405 2966 ll
418 2920 441 2965 le
458 2919 508 2977 ulus
532 2921 591 2976 mil.
