1904 3216
284 166 321 215 llll
338 166 406 215 Llllll
423 165 509 216 tlsstto
527 166 608 217 xxm.
787 170 833 219 115

57 284 122 330 elles
131 283 182 340 plus
191 284 282 328 idroeca.
292 306 318 315 -
328 283 345 325 ll
355 295 404 326 scra
413 283 469 325 beau
480 283 584 339 adapoue
594 282 677 327 d'avoir
690 285 764 328 relevd
775 286 833 330 l'om·

58 346 108 402 pire
119 346 214 389 romain.
227 345 309 395 Qu'ella
319 345 427 388 louruissa
442 345 453 386 d
464 345 529 387 Romo
543 358 586 387 une
596 345 677 387 urmee.

88 444 182 492 liorem
196 444 277 504 magis
290 442 404 503 loquendi
418 455 475 490 cum
489 442 559 490 sociis
568 443 692 500 servastis,
704 445 829 505 Campani,

55 514 174 576 iubentes
185 527 241 576 quae
251 527 312 574 opus
317 520 396 561 essent
410 513 439 560 ud
449 513 542 560 bellum
553 511 766 575 impernrr,qun1n
775 530 833 564 con-

58 585 190 633 venienter
207 584 238 632 ad
255 589 400 644 praesentem
416 584 523 630 fortunae
539 591 629 631 uostrae
648 588 739 632 statum
756 586 833 637 locuti

56 653 127 702 estis.
137 652 200 706 Quid
215 652 282 700 enim
299 652 369 699 nobis
382 652 412 700 ad
426 651 520 701 Caunus
533 653 649 702 relictum
662 663 708 707 est.
725 663 761 709 ut,
773 657 832 717 quia

57 723 153 786 aliquid
164 722 304 779 habeamus,
321 723 343 769 id
359 723 424 783 quod
435 728 472 771 est
486 722 578 783 expleri
594 723 627 784 (ll
642 723 673 772 ab
684 725 757 774 sociis
768 728 831 775 veli-

56 791 131 842 mus?
141 791 239 841 Pedites
246 791 314 840 vobis
326 791 486 853 imperemus,
497 797 613 852 tanquam
628 792 723 854 equites
735 794 832 844 habeu-

56 861 131 912 mus?
145 862 276 911 Pecuniam
285 861 369 910 deesse
383 862 630 921 dicamus,tanouam
641 870 773 912 eatuntum
786 867 830 914 de-

57 931 106 982 sit?
116 932 190 990 lliltll,
203 945 235 980 ne
251 932 318 994 quod
333 932 505 992 suppleremus
519 930 628 989 quidem,
640 932 714 982 nobis
727 933 832 998 reliquit

57 1002 173 1058 tortuna;
183 1002 301 1062 legiones,
318 1000 451 1063 equitatus
465 1013 542 1057 arma,
557 1000 636 1062 signa,
651 1005 709 1066 equi
720 1005 830 1066 uirique,

56 1071 174 1135 pecunie
187 1078 347 1127 commeatus,
360 1077 402 1119 aut
419 1071 447 1118 in
461 1070 513 1118 acie
529 1077 573 1118 aut
590 1071 658 1120 binis
672 1080 772 1135 postero
789 1076 831 1124 die

56 1143 156 1192 amissis
167 1141 262 1199 castris,
271 1141 409 1204 perierunt.
421 1141 508 1202 ltaque
519 1154 566 1189 non
574 1141 667 1204 iuvetis
679 1157 721 1192 nos
732 1144 756 1191 in
767 1145 833 1194 bello

56 1215 165 1274 oportet,
178 1210 304 1273 Campani,
319 1209 363 1257 sed
374 1222 443 1272 paene
457 1208 550 1258 bellurn
564 1224 610 1271 pro
627 1211 698 1260 nobis
710 1213 833 1272 suscipia-

57 1281 96 1330 tis.
108 1280 196 1330 leniat
204 1280 230 1329 in
239 1286 358 1338 mentem,
368 1287 396 1328 ut
408 1278 517 1341 trepidos
524 1281 647 1340 quondam
657 1281 764 1344 majores
775 1297 834 1332 ¹res-

56 1355 109 1399 tme
120 1351 186 1399 intra
196 1348 284 1398 moenia
293 1351 492 1411 compulsos‚nec
502 1349 633 1398 Samnitem
641 1352 713 1401 modo
721 1354 831 1408 hostem;

56 1421 100 1470 sed
112 1421 188 1470 etium
200 1420 338 1469 Sidicinum
349 1428 474 1483 parentes,
484 1426 596 1482 receptos
606 1421 631 1469 in
646 1422 718 1470 iidem
731 1424 759 1471 ad
771 1424 833 1473 Sati-

56 1491 139 1540 culam
157 1491 189 1551 ll)
207 1490 399 1546 defenderimus,
416 1496 573 1553 coeptumque
592 1500 693 1554 propter
711 1507 753 1541 ros
773 1509 831 1544 cum

57 1560 209 1613 Samnitibus
228 1560 331 1617 bellum,
345 1573 390 1622 per
408 1564 509 1608 centum
523 1572 601 1620 prope
619 1573 705 1619 annos,
717 1561 828 1614 variante

57 1631 291 1689 lortunaeventum,
300 1633 444 1682 tulerimus.
456 1626 562 1689 Adjicite
575 1635 661 1684 allmc
675 1632 741 1695 quod
750 1633 830 1683 loedue

57 1713 160 1763 &quum
176 1701 276 1757 deditis,
289 1707 354 1764 quod
367 1706 434 1764 loges
448 1718 551 1763 vestras,
565 1705 632 1770 quod
646 1705 676 1754 ad
694 1712 832 1753 extremum

59 1780 94 1843 lid
108 1779 177 1841 quod
193 1784 250 1829 ante
264 1777 416 1827 Cannensem
430 1782 497 1826 certe
515 1777 611 1825 cladem
624 1777 758 1827 marimum
777 1782 830 1841 tuit]

56 1847 184 1899 civitatem
201 1854 311 1896 nostram
329 1860 423 1908 magnae
436 1845 503 1909 purti
520 1853 629 1894 restrum
640 1846 754 1895 dedimus
762 1861 832 1896 com-

58 1918 291 1980 munimumusque
304 1917 439 1967 vobiscum.
452 1916 539 1977 ltaque
552 1929 707 1965 communem
718 1919 830 1969 roslmnc

58 1991 238 2051 clademque
260 1996 357 2050 accepta
381 1994 426 2045 cst,
448 1987 557 2040 credere.
579 1987 704 2049 Campani,
721 1996 830 2048 oportet,

58 2073 218 2111 communem
238 2059 345 2120 patriam
363 2058 481 2107 tuendam
498 2058 615 2106 arbitrari
631 2072 691 2106 esse.
709 2060 756 2105 lon
774 2072 831 2108 cum

57 2129 168 2180 Samnite
180 2134 223 2176 aut
233 2128 335 2176 Etrusco
344 2142 384 2176 res
393 2135 439 2186 est,
448 2134 483 2177 ut.
491 2127 556 2188 quud
567 2127 660 2176 anobis
672 2127 779 2176 ablatum
790 2129 830 2185 sit,

56 2201 84 2251 in
107 2199 180 2250 ltalia
197 2207 279 2249 tamen
300 2199 432 2260 imperium
451 2204 569 2247 maneat:
585 2198 674 2246 Poenus
695 2199 781 2255 liostis,
800 2213 832 2248 ne

56 2269 147 2319 Atriooe
164 2268 263 2331 quidem
280 2267 391 2329 indigena
412 2268 456 2331 (t),
467 2267 499 2315 ab
517 2267 614 2316 ultimis
631 2274 755 2316 terrarum
769 2268 831 2327 oria,

83 2388 135 2433 cm.
149 2390 171 2433 l.
186 2387 291 2445 &plere
305 2388 431 2444 completor.
459 2389 492 2432 les
504 2388 618 2436 Samnites.
629 2388 667 2442 qui
681 2387 735 2430 dura
750 2388 777 2432 to
792 2400 832 2433 ans

56 2453 89 2498 οη
112 2451 172 2495 amit
197 2451 253 2494 ainsi
280 2449 348 2493 alteru
374 2456 432 2492 cette
459 2448 494 2504 (de
512 2449 601 2493 412482
621 2461 626 2490 ι
645 2452 737 2490 centum
756 2461 832 2506 prope

56 2514 137 2571 pluruse
167 2524 173 2554 :
200 2515 234 2563 ul,
257 2523 316 2561 ouasr
340 2510 432 2567 aliquid
459 2523 532 2554 aanor
550 2516 642 2553 estune
659 2509 831 2565 amplificationi,

56 2574 192 2626 Μὸεωιιι,
219 2572 245 2616 id
276 2573 337 2630 quod
368 2585 431 2616 amr
458 2574 492 2616 lut
501 2571 629 2615 reetlcmem
637 2571 732 2615 suscitet>
740 2573 831 2616 uurllo·

57 2634 156 2694 expleri.
167 2657 191 2667 -
205 2634 226 2678 2
242 2634 277 2679 Ad
292 2633 431 2684 Saticulam,
459 2635 576 2688 maluspar
592 2633 612 2674 la
629 2634 749 2688 protectior
765 2635 830 2690 qu'ilt

57 2698 109 2742 ville
124 2709 164 2740 sur
178 2695 212 2740 les
230 2696 348 2740 trontidres
365 2697 392 2740 de
411 2696 430 2738 la
458 2695 598 2738 oocorderent
620 2707 661 2737 aux
680 2695 828 2752 Compnnieus.

56 2759 173 2815 campanie
183 2757 432 2810 etduStmuium;d'a·
459 2756 513 2800 -5,
532 2755 564 2800 Ne
577 2755 664 2810 Africae
681 2758 775 2812 quidem
794 2758 830 2800 in·

19 2859 25 2871 ,
57 2821 108 2877 prds
132 2819 263 2871 Reichardt,
292 2819 432 2874 aujourd'ltui
458 2818 831 2874 dipenomerssarthngedtaitune

57 2882 201 2939 Sevipnano.
215 2881 244 2925 le
261 2894 342 2938 guerre
357 2886 431 2924 contra
458 2879 580 2925 colonicde
594 2877 696 2937 leniens.
710 2885 766 2925 ltro
779 2881 844 2924 'rudt-

105 2983 233 3031 cosmum
711 2978 731 3025 l
