1904 3216
20 213 22 218 ·
86 186 134 236 alu
391 186 551 239 palliolis

13 313 15 319 '
86 319 210 366 nusquam
224 317 296 367 aequo
311 319 396 368 campo
406 304 535 354 nonmodo
546 305 665 367 congredi
675 320 701 355 se
709 306 739 354 ad
748 316 859 366 pugnam

87 377 187 433 audere,
201 377 244 425 sed
258 390 289 424 ne
305 384 386 426 castra
401 377 503 439 quidem
517 377 543 424 in
561 384 646 440 aperto
660 392 760 440 ponere,
771 375 858 424 relicta

87 446 154 494 omni
163 453 221 494 ante
231 460 257 494 se
265 447 369 508 regione
379 462 417 503 ea,
425 459 500 507 quam
512 459 538 494 se
550 446 622 495 nobis
634 461 662 496 ac
678 447 790 509 Philippo
800 444 860 492 ade-

86 515 161 565 misse
176 516 338 577 gloriabatur,
349 516 458 566 condidit
473 530 500 565 se
509 516 575 564 intra
586 530 662 577 rupes
673 533 680 565 ε
691 531 723 566 ne
735 522 792 565 aute
800 515 859 563 iau-

87 599 128 635 ces
140 587 242 648 quidem
255 588 342 642 saltus,
354 595 384 637 ut
400 587 526 649 quondam
542 586 737 637 taceaaemomos
747 585 779 650 (5)
794 587 860 634 fama

87 663 136 716 est,
150 658 194 707 sed
210 658 276 707 intra
292 659 393 720 penitus
410 658 527 708 retractis
537 658 641 708 castris:
654 660 721 722 quod
737 664 858 722 quantum

87 729 191 779 interest
202 729 233 778 ad
247 728 363 778 timorem
374 729 564 785 ostendendum,
571 743 602 777 an
609 730 687 779 muris
697 729 803 790 alicujus
816 742 860 777 ur-

87 799 127 848 bis
140 799 306 849 obsidendum
325 814 379 850 sese
398 799 546 850 incluserit?
558 801 604 849 Sed
616 814 698 862 neque
711 800 860 848 Antiochum

87 870 226 918 tuebuntur
246 871 376 932 augustiae,
391 884 437 920 nec
450 871 538 920 AEtolos
557 869 665 919 vertices
675 870 722 927 illi,
737 883 799 933 quos
817 883 860 918 ce-

87 947 186 1002 perunt.
202 940 266 990 Satis
279 941 391 1004 undique
404 941 533 1004 prouisum
549 946 623 1003 atque
645 948 797 1002 praecautum
812 947 859 998 est,

87 1024 120 1059 ne
133 1011 194 1073 quid
207 1010 325 1060 aduersus
334 1026 377 1062 vos
389 1011 415 1060 iu
426 1025 508 1074 pugna
518 1017 610 1074 praeter
620 1010 702 1059 hostes
712 1018 785 1059 esset.
796 1011 860 1059 Illud

87 1093 228 1143 proponere
243 1081 327 1131 animo
340 1090 421 1132 vestro
435 1081 537 1142 debetis,
548 1094 596 1129 non
610 1093 652 1129 ms
664 1094 710 1144 pro
719 1080 816 1129 Graeciae
828 1080 861 1128 li-

87 1151 184 1201 bertate
196 1158 296 1202 tantum
308 1151 425 1201 dimicare
440 1152 592 1212 (quanquam
606 1151 627 1198 is
637 1165 736 1213 quoque
745 1152 860 1211 egregius

88 1221 176 1270 titulus
185 1229 257 1276 esset,
268 1222 423 1270 liberatanta
434 1221 547 1283 Philippo
557 1226 622 1278 aitte,
636 1221 740 1268 uuucab
749 1219 860 1268 AEtoliset

88 1292 120 1340 ab
135 1291 254 1341 Antiocho
264 1292 389 1353 liberare),
399 1304 480 1354 neque
488 1305 516 1338 ea
532 1296 630 1339 tautum
641 1291 666 1338 in
681 1289 810 1350 praemium
820 1301 861 1336 ve-

59 1359 61 1363 '
88 1367 170 1410 strum
180 1376 286 1422 cessura,
295 1375 351 1423 quae
363 1375 430 1410 nuuc
437 1362 464 1408 in
472 1360 550 1423 regiis
558 1360 645 1410 castris
655 1367 713 1409 sunt
722 1378 727 1407 ;
736 1360 778 1408 sed
787 1360 860 1408 illum

18 1456 21 1461 ·
89 1443 188 1491 quoque
201 1444 299 1479 omnem
317 1437 471 1492 apparatum,
488 1430 532 1491 qui
551 1427 641 1478 indies
655 1432 685 1478 ab
705 1430 798 1490 Epheso
817 1443 861 1476 ex-

89 1505 227 1562 spectatur,
240 1502 328 1563 praedae
337 1501 453 1550 luturum
464 1517 470 1547 :
480 1500 562 1549 Asiam
572 1501 660 1549 deinde
673 1501 825 1563 Syriamque,
837 1505 860 1546 et

89 1570 171 1618 omnia
188 1585 265 1632 usque
282 1570 312 1619 ad
328 1578 399 1619 ortus
409 1571 467 1618 solis
479 1569 599 1618 ditissima
610 1584 687 1629 regna
698 1567 803 1630 imperio
814 1568 861 1616 Ro-

88 1652 161 1689 mano
176 1649 317 1703 aperturos.
328 1640 391 1698 Quid
403 1639 491 1689 deiude
501 1641 581 1690 aberit
592 1641 652 1702 quin
667 1641 696 1689 ah
714 1638 819 1689 Gadibus
829 1640 860 1688 ad

88 1723 159 1760 mare
174 1711 286 1759 Rubrum
296 1711 331 1774 (li)
347 1709 442 1760 Oceano
459 1710 521 1759 fines
533 1712 703 1770 terminemus,
717 1710 760 1772 qui
774 1711 860 1778 orbem

89 1776 216 1830 terrarum
228 1783 340 1843 amplexu
350 1782 445 1841 fluitet
457 1782 671 1830 omnehumanum
683 1796 761 1842 genus
771 1795 861 1830 secun-

89 1850 149 1901 dum
165 1851 222 1900 deos
241 1865 331 1900 nomen
346 1853 510 1900 homanorum
528 1850 676 1900 veneretur?
691 1851 719 1899 ln
729 1851 781 1899 haec
792 1856 861 1900 tanta

88 1921 191 1985 praemia
201 1921 289 1985 dignos
307 1931 393 1985 parate
403 1924 507 1978 animoa,
522 1928 550 1970 ut
564 1923 672 1973 crastino
684 1923 731 1983 die,
744 1923 808 1972 bene
815 1922 861 1984 ju'-

89 1989 201 2041 vantibus
215 1992 271 2050 diis,
286 1992 338 2040 acie
352 1993 524 2041 decernamus.

431 2158 517 2209 clm

90 2281 146 2345 Cap.
163 2281 204 2332 52.
223 2278 308 2332 Oratio
327 2283 353 2332 T.
367 2278 479 2362 Quinctii
485 2282 535 2400 lad
556 2282 659 2335 aclaeos
678 2282 709 2331 dc
728 2283 857 2347 Zacyntho

427 2368 484 2402 trtau
495 2368 522 2406 a.

110 2472 210 2511 Hierocles
228 2474 324 2521 uacuum
340 2472 410 2511 insuta
423 2473 587 2524 ubhrnpnundro
601 2475 731 2512 Athamanum
744 2483 792 2521 rege
808 2485 860 2524 pra»-

89 2517 159 2568 tecttts,
177 2523 281 2571 postquam
300 2529 344 2556 emn
367 2517 419 2555 bello
441 2522 514 2556 victum
538 2520 656 2566 pulsumque
680 2528 740 2566 regua
763 2520 860 2565 cognovit,

89 2563 165 2598 Acbmrs
178 2565 267 2605 rusulum,
285 2561 384 2611 pecuniam
398 2564 473 2610 pactus,
487 2562 575 2602 tradidit.
589 2566 611 2601 ld
625 2564 726 2613 praemium
740 2562 787 2600 belli
804 2572 860 2600 suum

90 2615 134 2652 esse
143 2608 228 2652 nomam,
242 2618 325 2656 quorum
338 2606 402 2645 hostia
419 2607 543 2655 Amynander
555 2608 627 2651 iuerat,
645 2617 725 2655 aequum
744 2609 860 2645 censebant.

89 2720 110 2766 5.
128 2719 249 2773 Quondam
271 2720 461 2772 Lacedaemonios,
488 2728 543 2764 vent
561 2721 660 2773 allieurs,
684 2721 808 2764 s’eutcndre
832 2722 860 2764 du

89 2795 144 2826 ceux
159 2794 203 2836 que
218 2782 324 2825 Leonidas
339 2782 462 2825 conduisait
488 2782 547 2838 golla
564 2784 670 2841 Persiqua
687 2791 709 2826 et
733 2784 759 2827 de
776 2783 860 2826 l'Ocean

90 2857 132 2889 aux
142 2843 302 2899 Thermopyles.
322 2867 349 2876 -
366 2845 387 2885 6.
398 2844 462 2886 liare
489 2843 571 2887 indico.
580 2844 648 2901 Voyeu
657 2846 734 2888 lanole
742 2846 755 2889 5
764 2844 795 2888 du
802 2844 859 2890 ilisa.

84 2905 193 2951 Rubrum
202 2905 249 2950 doit
257 2907 295 2960 ici,
308 2918 394 2951 comme
411 2918 463 2950 sou·
488 2904 588 2951 axcthl.
