1904 3216
322 118 360 168 nx
376 118 443 169 ulvll
459 117 546 169 muno
562 115 624 170 vill.
823 120 854 169 87

87 233 157 292 pilea,
170 238 298 293 auguralo
306 235 405 296 lampio,
417 240 505 296 eaptus
513 239 587 296 atque
598 233 652 296 ipsc
661 246 803 297 oppressus,
814 236 852 284 ai-

87 315 161 352 surus
171 304 215 351 esl
233 302 344 353 Haeccine
355 304 447 353 foedcra
459 303 544 352 Tullus
557 303 678 353 Romanus
693 319 734 354 rex
745 319 802 354 cum
813 306 853 354 ll·
946 308 949 315 '

86 372 155 422 mnis
167 373 285 435 palrihus
296 374 394 431 restria
408 374 501 432 Lalini3
513 374 565 423 haeo
576 374 600 422 L.
613 375 763 436 Tarquinius
777 375 854 425 uobis·

86 456 141 492 cum
155 448 242 504 postca
259 443 333 492 leeil‘l
345 457 394 493 non
407 444 510 494 venitin
522 450 630 493 moialem
640 458 722 506 pugna
732 445 796 506 apud
809 446 854 495 lic·

86 511 172 572 gilium
189 512 339 575 lacumilll
353 514 413 562 adeo
425 520 451 563 et
464 514 571 563 cladium
585 521 697 564 velerum
706 522 853 576 vestrarum,
923 518 926 524 '

86 587 109 632 et
120 583 300 632 Muedeiorum
310 591 454 634 nostrorum
470 598 529 646 erga
542 598 584 633 ros
600 585 672 634 oblili
685 585 762 633 estis?
779 585 781 589 '

435 755 500 805 llll

87 897 144 961 Gap.
174 895 201 946 l.
221 895 354 948 oration.
381 897 472 1029 Μαὲἱῖἰ
492 895 656 947 cancellani!
678 897 707 948 T.
733 898 854 949 Marullum

339 1001 341 1007 -
454 982 514 1021 aum.

105 1109 127 1147 τ.
143 1107 210 1146 ΙιηΙὶί
225 1105 309 1145 cumulis
320 1105 382 1151 lilius.
399 1106 424 1144 ab
435 1106 498 1158 'hoste
514 1107 600 1156 quodam
615 1111 734 1155 provocatus
749 1111 769 1145 el
785 1112 853 1146 contra

87 1152 171 1190 delum
181 1151 281 1190 consulum
290 1161 414 1202 constemus.
421 1157 485 1203 ructor
493 1154 607 1202 certamine,
616 1161 680 1202 ouans.
690 1151 715 1189 ad
724 1159 798 1198 patrem
808 1162 854 1199 pcr-

87 1198 181 1280 Qffii’
198 1200 293 1234 advocata
306 1204 407 1238 concione.
417 1194 479 1233 dirum
488 1195 520 1232 lua
528 1195 594 1233 verbis
602 1197 726 1244 objurgalllm
734 1198 799 1234 securi
808 1205 854 1244 par-

110 1337 139 1381 la
150 1336 268 1393 discipline
281 1342 315 1379 esl
329 1336 412 1386 violem
422 1349 452 1378 un
464 1336 517 1391 pere
529 1335 589 1378 force
601 1335 628 1378 de
642 1336 725 1379 choisir
739 1342 800 1378 entre
815 1348 853 1379 sou

87 1396 161 1440 devoir
173 1402 196 1440 cl
209 1409 245 1439 scs
261 1396 382 1439 allections.
395 1395 458 1439 l'aire
476 1397 542 1451 grace
559 1397 623 1440 ruina
642 1397 663 1439 la
680 1397 852 1448 subordination,

88 1460 151 1514 punir
161 1458 277 1501 l'ailermil
288 1471 344 1514 pour
354 1458 434 1513 jamais
449 1470 455 1500 a
470 1469 514 1513 que
523 1457 545 1501 le
556 1457 662 1514 coupable
672 1470 696 1502 se
706 1466 825 1503 soumellc:
838 1459 853 1501 il

38 1538 42 1553 ¹
87 1521 128 1565 doit
135 1524 184 1565 etro
194 1521 250 1564 utile
259 1521 272 1564 a
281 1521 301 1564 la
311 1521 383 1577 patrie
393 1532 433 1576 par
447 1532 470 1562 sa
482 1526 547 1563 morl.

38 1670 41 1691 ι
113 1638 268 1700 Quandoque
281 1636 315 1700 (l)
326 1644 364 1694 tu,
378 1638 429 1687 Tite
439 1637 520 1695 Manli,
530 1651 610 1700 neque
621 1638 752 1701 imperium
763 1653 853 1689 cousu-

86 1707 224 1772 lureneque
232 1708 386 1771 majestatem
392 1709 499 1770 patriam
510 1709 612 1767 veritus,
619 1709 737 1759 adversus
746 1711 852 1760 edictum

86 1786 197 1830 nostrum
212 1786 281 1828 extra
287 1778 398 1828 ordinem
410 1779 436 1827 in
445 1780 541 1828 hostem
551 1781 666 1841 pugnasti
672 1796 679 1836 ;
690 1785 722 1831 et.
732 1787 852 1842 quantum

87 1849 108 1894 iu
122 1854 146 1898 le
157 1849 217 1905 init,
225 1847 378 1910 disciplinam
385 1848 526 1905 militarem,
539 1862 588 1910 qua
600 1849 668 1897 sletil
680 1850 780 1898 adhunc
788 1851 852 1898 diem

87 1916 193 1969 llomana
207 1932 257 1974 res,
271 1918 378 1978 sola-istu
393 1932 482 1980 meque
491 1918 517 1967 in
530 1933 584 1967 eam
596 1919 767 1968 necessilatem
778 1920 853 1968 addu-

86 1990 148 2047 nati,
165 1996 194 2038 ut
208 1995 250 2038 aul
263 1988 408 2051 reipublicae
419 1987 490 2043 mihi,
503 1995 545 2038 aut
556 1989 604 2037 mel
616 2003 778 2050 meorumque
787 1989 852 2038 obli-

86 2061 229 2110 uiscendum
239 2059 272 2108 sit
281 2073 287 2108 :
297 2074 342 2109 nos
351 2061 432 2124 potius
439 2067 524 2109 nostro
532 2060 623 2109 delicto
632 2062 768 2123 plectemur
777 2074 852 2121 quam

87 2130 225 2194 respublica
239 2138 307 2180 lanto
317 2145 362 2180 suo
373 2133 464 2179 damno
477 2137 560 2180 nostru
575 2138 673 2193 peccata
688 2133 740 2180 luat
755 2146 761 2179 :
780 2131 853 2180 triste

86 2205 234 2264 amplum,
248 2202 291 2250 sed
307 2200 332 2249 iu
350 2206 477 2263 posterum
495 2200 596 2249 salubre
609 2200 735 2263 juventuti
749 2201 851 2249 erimus.

87 2270 227 2334 lequidem
235 2285 312 2333 quum
324 2271 436 2333 ingenita
445 2269 536 2320 caritas
543 2270 660 2326 liherilm,
670 2277 723 2318 tum
730 2272 853 2332 specimen

86 2341 151 2391 islud
160 2341 272 2397 virtutis,
284 2340 415 2404 deceptum
429 2339 466 2406 (ἓ)Ι
476 2354 537 2389 rana
550 2341 660 2401 imagine
673 2341 778 2399 decoris,
793 2340 821 2390 in
827 2349 853 2391 te

86 2464 173 2515 mile.
194 2464 277 2508 Fines!
294 2464 379 2507 audiat
399 2461 459 2506 Fas!
511 2462 578 2506 uxvl.
603 2465 624 2506 l.
649 2462 790 2520 Quandoque
820 2471 853 2508 eet

86 2548 110 2559 —
132 2528 153 2572 2.
179 2527 265 2582 Paapna
291 2525 322 2568 ad
343 2524 458 2581 lleqillem
484 2525 582 2580 employa
592 2525 730 2580 quelqueiois
741 2540 780 2581 par
793 2527 851 2570 'l'.·L.

88 2589 162 2637 uun
190 2587 352 2644 (vop-Nom,
381 2599 402 2640 p.
423 2585 456 2636 16,
485 2599 540 2640 pour
568 2588 763 2645 quandoquidem.
781 2611 808 2620 -
831 2590 852 2632 2.

88 2651 174 2704 mici),
183 2649 275 2693 balaille
289 2649 343 2692 dans
361 2647 457 2704 laquelle
485 2649 613 2704 Deceptum,
624 2650 696 2705 egued,
711 2664 750 2706 par
759 2651 853 2693 allusion

88 2711 225 2757 lodiculeur
234 2713 258 2753 Α.
267 2709 390 2754 Postumius
399 2721 458 2752 rem·
484 2709 497 2752 d
512 2711 595 2766 l'espril
613 2713 642 2756 du
655 2713 723 2768 jaune
745 2713 851 2755 Marullus:

88 2781 143 2828 m
154 2786 199 2818 une
213 2771 296 2827 grande
312 2773 402 2814 victoira
419 2782 458 2813 sur
485 2771 536 2814 e'esl
546 2786 588 2817 une
598 2775 691 2833 syllepsa
707 2775 787 2819 linrdie
801 2785 859 2828 polu

88 2837 207 2887 lacialius,
217 2834 260 2878 l’an
269 2834 297 2877 de
305 2833 372 2877 Rome
380 2832 426 2878 2²58.
483 2833 615 2897 (specimen)
625 2841 721 2886 editum
732 2853 748 2885 o
762 2839 872 2896 decepto.

37 3080 114 3093 nam..
130 3076 137 3085 ⁸
152 3080 164 3087 ¹·
183 3086 188 3093 ι
