1904 3216
92 168 126 216 ai
368 194 370 199 -
401 164 560 214 onirionns

257 272 259 276 ’
461 295 494 344 iv

90 405 151 465 ¹Cnp.
176 401 215 450 50.
239 401 324 453 Oratio
345 401 482 464 lecatorum
509 403 692 464 Campanorum
712 399 740 448 in
764 404 862 449 renota.

328 472 383 536 (itt
397 472 436 528 R„
451 471 497 521 aad
510 485 548 521 av.
564 470 640 535 1.-(1.)

119 567 214 613 campani.
224 576 287 617 quum·
295 566 387 602 adversus
395 565 496 616 Samnites,
506 563 602 616 societate,
613 567 635 602 at
648 562 731 616 amicitia
741 573 785 601 cum
793 565 864 602 Roma-

95 614 127 666 nis
135 613 220 660 junctos.
230 610 318 660 sidicinis
329 619 385 657 opem
395 609 588 661 tntisscnt,seme1et
596 611 667 646 iterum
674 613 790 664 vincpnturz
801 612 863 656 atqua

91 653 864 744 'ttdiiititittdttttdttiaitt-dtttitdtttdtitttistittitt

96 748 145 784 tiam
155 743 215 783 locuti
223 749 281 781 suut:

121 834 142 874 i.
152 831 191 873 Les
200 829 341 884 Gampaniens
351 826 469 872 sollicitent
482 830 564 887 l'appui
578 831 605 874 de
614 830 694 883 Rome,
705 830 813 874 l'alliaoce
822 831 861 875 des

90 891 202 934 'Samnites
209 903 261 933 avec
269 891 290 933 la
299 890 432 948 republique
442 892 497 935 n'est
505 892 566 948 point
575 905 606 935 un
615 891 720 943 obstacle,
729 898 750 936 et
759 892 792 935 les
801 892 861 935 Cam·

92 952 186 1006 pariens
203 963 231 994 ne
248 959 297 994 sont
314 953 375 1006 point
393 951 546 1007 adtdaigner.
564 952 605 995 Les
623 951 726 995 Romains
746 952 860 996 etendront

92 1012 177 1055 iiientdt
186 1012 235 1055 leur
244 1011 376 1054 domination
385 1010 473 1067 iusqu'd
482 1011 532 1055 leur
541 1012 661 1056 territoire.

107 1157 108 1160 ,
126 1111 151 1160 1.
168 1111 275 1173 Populus
285 1124 329 1160 nos
340 1110 476 1172 Campanus
487 1111 580 1170 legatos
590 1109 621 1158 ad
635 1123 686 1167 vos,
703 1109 788 1160 Patres
796 1111 860 1160 Con-

93 1181 189 1244 scripti‚
202 1180 277 1238 misit,
295 1180 429 1230 amicitiam
444 1181 640 1244 inperpetuum,
654 1179 775 1230 auxilium
794 1195 860 1243 prae·

94 1265 151 1302 sens
162 1264 176 1298 a
187 1250 254 1299 vobis
262 1250 366 1312 petitum
377 1266 382 1298 :
394 1264 469 1312 quam
480 1249 501 1298 si
510 1249 625 1299 secundis
631 1250 706 1300 rebus
717 1250 861 1315 nostrispe-

95 1322 219 1378 tissemns,
240 1320 304 1370 sicut
316 1327 395 1383 ooepta
411 1321 523 1378 celerius,
547 1322 582 1370 ita
602 1321 741 1370 infirmiore
761 1320 860 1372 noculo

94 1397 220 1442 contracta
235 1397 314 1449 esset;
331 1397 390 1439 tunc
404 1392 481 1447 enim,
493 1397 522 1441 ut
535 1391 578 1454 qui
592 1406 620 1440 ex
635 1404 706 1455 equo
719 1392 754 1455 (i)
763 1405 808 1442 nos
817 1407 861 1444 ve-

94 1466 161 1513 nisse
170 1465 196 1512 in
209 1464 343 1513 amicitiam
351 1463 559 1521 meminissemus,
570 1463 643 1513 amici
650 1463 757 1514 forsitan
769 1465 860 1527 pariter

94 1550 122 1584 ac
132 1549 206 1584 nunc.
225 1533 329 1596 subiecti
345 1541 419 1596 atque
437 1533 536 1585 obnoxii
549 1534 620 1584 vobis
637 1535 722 1585 minus
738 1549 857 1595 essemus;

94 1618 160 1653 nunc
171 1605 337 1663 misericordia
347 1610 428 1668 restra
442 1605 571 1666 conciliati,
584 1605 726 1668 aumficque
740 1605 767 1656 in
779 1606 859 1657 dubiis

43 1682 46 1687 ·
94 1674 170 1724 rebus
188 1675 290 1731 defensi,
315 1674 465 1724 beneficium
486 1688 585 1738 quoque
605 1682 731 1738 acceptum
750 1678 859 1728 colamus

93 1750 201 1806 oporiet,
216 1758 247 1793 ne
264 1743 357 1804 ingrati
372 1751 446 1808 atque
463 1743 529 1793 omni
541 1758 587 1807 ope
602 1745 684 1795 divina
702 1746 859 1810 humanaque

94 1813 191 1875 indigni
204 1813 341 1861 videamur.
354 1814 445 1874 Neque,
455 1813 564 1869 hercule,
577 1814 641 1877 quod
654 1814 777 1865 Samnites
787 1816 859 1879 prio-

93 1896 135 1932 res
148 1883 220 1932 amici
230 1882 340 1945 sociique
350 1883 417 1932 vohis
426 1883 486 1932 iacti
495 1892 561 1943 sunt,
575 1887 606 1935 ad
617 1885 644 1934 id
651 1887 733 1935 tatere
742 1886 857 1946 arbitror,

94 1966 126 2001 ne
135 1966 180 2002 nos
190 1954 215 2001 in
222 1953 524 2016 amicitiamaccipiamur;
535 1955 577 2003 sed
583 1961 611 2004 ut
621 1961 739 2006 vetustate
748 1961 773 2005 et
779 1959 859 2019 gradu

92 2023 195 2072 honoris
208 2037 252 2070 nos
265 2028 384 2085 praestent
397 2037 402 2069 :
417 2037 497 2084 neque
510 2025 578 2073 enim
594 2026 685 2076 indere
701 2026 857 2088 Samnitium,

93 2105 125 2140 ne
135 2107 183 2153 qua
193 2106 254 2140 nova
265 2092 405 2153 jungeretis
414 2092 516 2151 ioedera,
524 2101 622 2143 cautum
634 2103 681 2145 est.
692 2096 749 2145 ruit
755 2097 858 2160 quidem

93 2162 156 2224 apud
164 2177 204 2210 ros
215 2176 312 2224 semper
321 2161 379 2210 satis
386 2163 454 2223 iusta
463 2176 536 2213 causa
546 2165 670 2222 amicitiae,
680 2167 742 2217 velie
750 2182 860 2220 eumve-

92 2232 132 2281 bis
145 2233 253 2281 amicum
268 2247 330 2287 esse,
345 2233 387 2295 qui
403 2246 446 2281 vos
460 2241 596 2296 appeteret.
613 2237 734 2297 Campani,
747 2238 794 2287 etsi
807 2239 859 2290 ior·

92 2308 151 2350 tuna
162 2317 270 2365 praesens
282 2303 413 2363 magnifice
423 2303 489 2365 loqui
501 2305 758 2366 prohibet,ncnurbis
769 2310 859 2373 ampli-

92 2373 187 2429 tudine,
200 2388 248 2422 non
262 2375 316 2436 agri
324 2374 443 2430 ubertate,
453 2374 498 2423 ulii
513 2376 604 2437 populo
613 2383 778 2439 praeterquam
788 2380 858 2431 vobis

92 2444 206 2493 cedentes
220 2445 287 2494 haud
296 2459 371 2509 parva
387 2447 423 2507 (ut
439 2445 558 2507 arbitror)
573 2446 678 2496 accessio
692 2448 766 2499 bonis
780 2450 857 2503 rebus

91 2515 187 2573 vestris,
200 2516 366 2566 inamicitiam
377 2515 488 2564 venimus
495 2519 699 2581 vestram.AEquis
707 2520 856 2586 Volscisque,

92 2586 193 2635 aeternis
207 2587 318 2636 hostibus
333 2584 410 2647 hujus
423 2585 501 2642 urbis,
516 2588 722 2650 quandocumque
736 2606 763 2641 se
773 2607 858 2645 move-

92 2654 152 2711 rint,
168 2656 199 2703 ab
212 2663 282 2717 tergo
298 2656 413 2704 erimus:
432 2662 465 2712 et,
480 2657 545 2719 quod
560 2672 602 2706 vos
616 2671 661 2720 pro
677 2659 756 2710 salute
773 2668 857 2713 nostra

91 2724 189 2788 priores
203 2726 317 2782 feceritis,
326 2726 350 2775 id
362 2740 457 2788 nospio
467 2727 570 2790 imperio
583 2735 665 2778 vestro
673 2730 858 2789 etglcriasetn-

92 2832 202 2875 terminait
211 2845 250 2887 par
257 2846 286 2874 un
296 2833 392 2877 sacrifice
401 2833 414 2876 d
422 2832 459 2877 Ju·
512 2834 551 2877 tv.
562 2838 582 2879 1.
593 2835 628 2879 Ex
640 2848 718 2891 oequo.
726 2814 856 2893 caponum

81 2893 152 2945 piton.
488 2896 549 2951 egilo
559 2896 601 2939 eti
611 2897 680 2940 droits
690 2897 766 2953 tgtux.
