1904 3216
87 195 138 265 vno
396 167 560 246 cannones
634 224 636 228 ψ

455 356 495 406 VII

93 478 150 542 Cap.
162 479 202 528 44.
214 479 300 532 Oratio
317 480 466 539 Alexandri,
488 480 577 545 locatis
590 480 663 532 Doris
675 478 865 544 respondentes.

22 674 24 679 Ι
120 622 239 666 Alexandre
250 628 283 666 ast
295 623 406 679 gendreur
416 623 582 679 parpriacipes;
595 621 610 664 ii
618 621 683 665 iaitle
693 633 774 678 guerre
785 622 865 665 hceax

93 681 179 737 quiam
191 682 222 724 les
233 694 306 725 armes
317 682 330 725 d
342 683 362 724 la
376 683 443 733 main,
458 689 480 724 et
491 693 534 724 non
547 681 607 724 hdes
616 682 708 725 iemmes
718 684 740 724 et
748 680 761 722 d
770 677 808 723 des
815 693 869 736 cap-

93 742 139 785 tiis.
150 741 171 784 Si
186 741 263 785 Durius
275 754 299 786 se
308 742 445 793 soumettait,
456 743 564 798 peut-dtre
575 742 669 786 serait-il
678 740 768 792 ὁοοιιῑός
779 741 836 784 mais
850 742 867 784 il

93 814 105 845 a
119 802 187 846 tendu
197 802 235 846 des
245 803 363 844 embdches
371 802 383 844 d
391 802 518 853 Alexandra,
528 804 544 845 ii
554 809 588 846 est
597 815 637 846 sou
646 804 740 846 ennemi.
749 824 778 834 -
787 801 869 846 Darius

94 862 245 919 qu'oiire-t-ilt
256 863 277 906 le
287 863 398 906 territoire
405 862 494 917 jusqu'd
505 862 646 917 l’lduphratot
657 864 797 908 Alexandrea
806 864 871 907 iran-

94 925 129 970 chi
140 937 165 968 ce
180 925 248 969 fleuve
264 925 357 968 :Darius
371 925 444 968 donne
455 937 479 968 ce
493 925 531 980 qui
544 935 572 968 ne
587 925 620 968 lui
631 925 754 980 appartient
764 927 824 981 plus.
841 926 870 968 he

94 986 187 1030 mainde
201 999 224 1029 sa
234 985 289 1028 silici
301 985 319 1028 li
336 987 393 1040 n'pa
410 987 458 1028 rien
475 985 502 1028 de
513 985 602 1028 flatteur
624 998 680 1041 pour
692 985 811 1030 Alexandro
825 999 870 1043 que

94 1047 171 1093 Darius
184 1048 204 1090 le
213 1048 322 1104 preterea
333 1048 454 1102 quelqu’un
467 1046 493 1090 dc
507 1045 708 1090 sessubordonnds.
719 1069 746 1078 -
758 1046 870 1104 L’cmpire

94 1109 122 1154 de
132 1111 208 1154 Darius
219 1115 253 1152 est
265 1109 286 1152 le
301 1109 348 1165 prix
359 1108 386 1152 de
397 1108 417 1151 lu
432 1120 518 1164 guerre,
528 1107 550 1150 la
559 1120 639 1160 guerre
652 1119 679 1150 en
690 1105 798 1154 decidere.

18 1299 21 1304 A
124 1243 239 1293 Nuntiate
251 1243 324 1292 Dario
342 1242 490 1306 [gratiarum
504 1241 627 1291 actionem
638 1241 704 1304 apud
715 1242 815 1291 hostem
827 1256 871 1291 su-

95 1328 271 1377 pervacaneam
280 1327 342 1375 esse,
357 1313 391 1376 etl
408 1314 438 1377 (i)
456 1326 505 1371 me,
516 1327 573 1375 quae
583 1313 687 1362 fecerim
700 1313 839 1362 clementer
846 1317 872 1362 et

94 1382 242 1440 liberaliter,
264 1397 313 1432 uon
339 1382 457 1431 amicitiae
477 1383 531 1444 ejus
545 1379 680 1438 tribuisse,
707 1380 751 1430 sed
771 1385 872 1430 naturae

94 1464 164 1509 meoe,
175 1450 229 1514 [nec
236 1451 353 1501 adversus
362 1451 524 1509 calamitates,
538 1449 873 1501 sedadsersushostiumvi-

95 1534 137 1570 res
146 1521 313 1585 contendere].
332 1522 428 1570 Bellum
443 1535 500 1570 cum
512 1521 614 1583 captivis
630 1526 656 1569 et
667 1518 767 1569 leminis
779 1533 874 1581 gerere

95 1605 146 1640 non
155 1590 233 1650 solco;
245 1596 356 1638 armatus
369 1591 402 1639 sit
413 1597 519 1652 oportet,
531 1604 604 1653 quem
612 1589 716 1639 oderim.
727 1589 820 1647 Quodsi
827 1592 874 1641 sal-

96 1666 146 1711 tem
151 1674 237 1724 pacem
243 1662 307 1710 bona
318 1660 367 1708 tide
377 1667 482 1722 peteret,
490 1660 654 1709 deliberarem
664 1659 779 1717 forsitan,
788 1675 822 1710 an
830 1662 874 1711 da-

95 1746 159 1782 rem.
171 1731 260 1781 Verum
272 1730 409 1787 enimvero,
418 1731 578 1792 quommodo
590 1731 683 1780 milites
693 1743 763 1779 meos
776 1730 874 1782 litteris

96 1803 128 1850 ad
140 1801 315 1864 proditionem,
324 1801 396 1849 modo
407 1799 500 1850 amicos
509 1801 540 1849 ad
553 1801 692 1864 perniciem
701 1813 783 1850 meam
796 1815 874 1863 pecu·

96 1869 875 1932 niasollicitet‚adinternccionemmihipersequendusest‚non

96 1947 125 1991 ut
134 1941 216 2003 justus
225 1940 312 1997 hostis,
325 1940 369 1989 sed
378 1946 407 1988 ut
416 1954 549 2002 percussor
561 1941 686 1992 veneficus
694 1937 735 2001 (ll.
745 1939 875 1990 Conditio·

97 2026 142 2062 nes
156 2027 213 2061 vero
227 2012 304 2074 pacis,
317 2024 378 2072 quas
393 2011 497 2068 affertis,
510 2011 532 2059 si
547 2025 673 2074 accepero,
684 2010 804 2059 victorem
814 2024 876 2061 eum

19 2109 21 2112 >
97 2083 200 2132 iaciunt.
208 2082 266 2138 Quae
274 2087 328 2145 post
339 2082 488 2143 Euphratem
498 2087 565 2137 sunt,
577 2081 714 2130 liberaliter
725 2080 812 2131 donat.
829 2081 876 2131 ilbi

98 2154 179 2213 igitur
189 2150 363 2201 mentiamini?
374 2163 463 2212 nempe
475 2153 541 2199 ultra
553 2152 704 2213 Euphratem
718 2162 785 2199 sum.
803 2150 878 2200 Sum·

98 2238 168 2273 mum
180 2237 242 2286 ergo
253 2222 326 2280 dotis,
340 2234 414 2283 quam
426 2219 559 2282 promittit,
573 2221 711 2271 terminum
720 2225 805 2269 castre
818 2233 878 2271 mee

124 2362 166 2405 Vll.
184 2363 204 2405 1.
224 2361 266 2404 hes
281 2372 383 2417 passages
400 2359 427 2402 de
445 2359 470 2402 ce
498 2372 577 2403 caesor
594 2360 771 2415 veneficac,mot
790 2358 803 2402 i
819 2368 878 2415 mot,

98 2426 198 2469 discours
211 2427 249 2482 qui
265 2431 313 2467 sont
328 2423 399 2479 places
409 2429 470 2466 entra
498 2433 528 2461 un
538 2422 631 2464 assassin
640 2432 681 2475 par
689 2419 710 2462 lc
718 2420 806 2474 poison,
816 2432 878 2475 pour

99 2488 259 2529 crochetsnese
266 2491 367 2528 trouvent
373 2485 471 2539 pasdnns
498 2483 553 2533 dire,
564 2496 594 2525 uu
608 2483 668 2526 licha
678 2482 787 2532 assassin,
799 2495 833 2526 un
843 2496 879 2528 as·

99 2548 132 2590 les
140 2548 196 2591 bons
205 2549 346 2597 manuscrits,
357 2553 379 2588 et
388 2552 426 2588 ont
436 2545 471 2588 eti
498 2547 567 2587 sassin
583 2545 609 2587 de
628 2545 720 2600 respece
729 2543 750 2587 la
760 2545 813 2599 plus
822 2547 877 2590 vile.

99 2611 217 2655 introduits
234 2623 293 2652 assez
312 2609 446 2650 recemmcnt
463 2620 469 2650 ε
498 2607 526 2649 La
536 2607 598 2660 locon
608 2607 646 2650 des
655 2605 788 2658 conciones,
798 2607 842 2651 ted
850 2610 878 2652 ut

100 2674 128 2717 ils
136 2679 185 2716 sont
194 2672 247 2715 tirds
261 2672 287 2714 dc
303 2672 381 2721 lustin,
392 2671 425 2719 xl,
435 2671 470 2713 ch.
495 2682 620 2725 percussor
631 2682 657 2712 ur
676 2668 799 2723 veneficato,
810 2669 878 2724 locon

100 2737 133 2779 12.
147 2735 178 2778 On
194 2747 257 2777 verra
271 2746 313 2788 que
332 2733 352 2774 lc
371 2733 471 2776 discours
498 2731 576 2773 tondeo
586 2743 625 2773 sur
638 2743 682 2773 une
691 2731 772 2785 simple
788 2733 879 2787 coniec-

95 2797 153 2853 perd
161 2797 233 2853 plutot
242 2794 295 2851 qu'il
310 2807 337 2836 ne
351 2805 419 2848 gigne
431 2805 471 2848 par
499 2800 555 2842 rure.
574 2793 656 2836 detruit
678 2793 699 2836 la
721 2792 822 2848 justesse
851 2796 879 2840 de

91 2855 471 2913 cesadditions,etl'onpourrales
499 2853 879 2910 l'oppositionqrriexisteentrcccs

18 2923 21 2929 '
83 2938 168 2982 persar
179 2939 207 2972 en
228 2925 252 2970 le
270 2924 347 2969 lisant.
357 2946 380 2956 -
390 2921 415 2966 2.
426 2919 480 2964 Per·
505 2921 593 2960 mouet
604 2929 650 2960 aaa
665 2919 692 2958 ut
705 2917 783 2970 justise
793 2917 876 2963 boetis.
