<?xml version="1.0" encoding="UTF-8"?>
<!DOCTYPE html PUBLIC "-//W3C//DTD XHTML 1.0 Transitional//EN"
    "http://www.w3.org/TR/xhtml1/DTD/xhtml1-transitional.dtd">
<html xmlns="http://www.w3.org/1999/xhtml" xml:lang="en" lang="en">
 <head>
  <title>
</title>
<meta http-equiv="Content-Type" content="text/html;charset=utf-8" />
  <meta name='ocr-system' content='tesseract 3.04.00' />
  <meta name='ocr-capabilities' content='ocr_page ocr_carea ocr_par ocr_line ocrx_word'/>
</head>
<body>
  <div class='ocr_page' id='page_1' title='image "./concionessiveor00unkngoog_0355.png"; bbox 0 0 1906 3690; ppageno 0'>
   <div class='ocr_carea' id='block_1_1' title="bbox 109 156 577 208">
    <p class='ocr_par' dir='ltr' id='par_1_1' title="bbox 109 156 577 208">
     <span class='ocr_line' id='line_1_1' title="bbox 109 156 577 208; baseline 0 0"><span class='ocrx_word' id='word_1_1' title='bbox 109 156 156 208; x_wconf 78' lang='lat' dir='ltr'><strong>am</strong></span> <span class='ocrx_word' id='word_1_2' title='bbox 415 159 577 208; x_wconf 72' lang='lat' dir='ltr'><strong>bertlottus</strong></span> 
     </span>
    </p>
   </div>
   <div class='ocr_carea' id='block_1_2' title="bbox 108 274 936 764">
    <p class='ocr_par' dir='ltr' id='par_1_2' title="bbox 108 274 934 764">
     <span class='ocr_line' id='line_1_2' title="bbox 108 274 884 337; baseline 0.004 -13"><span class='ocrx_word' id='word_1_3' title='bbox 108 275 173 332; x_wconf 82' lang='lat' dir='ltr'><strong>vius,</strong></span> <span class='ocrx_word' id='word_1_4' title='bbox 185 274 212 324; x_wconf 90' lang='lat' dir='ltr'><strong>id</strong></span> <span class='ocrx_word' id='word_1_5' title='bbox 229 288 276 336; x_wconf 82' lang='lat' dir='ltr'><strong>ege</strong></span> <span class='ocrx_word' id='word_1_6' title='bbox 288 274 432 337; x_wconf 89' lang='lat' dir='ltr'><strong>quindecim</strong></span> <span class='ocrx_word' id='word_1_7' title='bbox 441 275 530 324; x_wconf 89' lang='lat' dir='ltr'><strong>diebus</strong></span> <span class='ocrx_word' id='word_1_8' title='bbox 541 275 646 337; x_wconf 86' lang='lat' dir='ltr'>perfeci.</span> <span class='ocrx_word' id='word_1_9' title='bbox 659 275 772 324; x_wconf 78' lang='lat' dir='ltr'><strong>Aliarum</strong></span> <span class='ocrx_word' id='word_1_10' title='bbox 789 275 884 328; x_wconf 86' lang='lat' dir='ltr'><strong>deinde</strong></span> 
     </span>
     <span class='ocr_line' id='line_1_3' title="bbox 109 345 885 410; baseline 0.001 -13"><span class='ocrx_word' id='word_1_11' title='bbox 109 345 276 398; x_wconf 80' lang='lat' dir='ltr'><strong>secundarum</strong></span> <span class='ocrx_word' id='word_1_12' title='bbox 286 359 372 395; x_wconf 89' lang='lat' dir='ltr'><strong>rerum</strong></span> <span class='ocrx_word' id='word_1_13' title='bbox 380 347 448 395; x_wconf 82' lang='lat' dir='ltr'><strong>velut</strong></span> <span class='ocrx_word' id='word_1_14' title='bbox 456 354 592 409; x_wconf 86' lang='lat' dir='ltr'><strong>proventus</strong></span> <span class='ocrx_word' id='word_1_15' title='bbox 602 347 633 410; x_wconf 69' lang='grc'><strong>[5)</strong></span> <span class='ocrx_word' id='word_1_16' title='bbox 647 355 755 397; x_wconf 89' lang='lat' dir='ltr'><strong>secutus.</strong></span> <span class='ocrx_word' id='word_1_17' title='bbox 764 348 885 400; x_wconf 81' lang='lat' dir='ltr'><strong>Civitates</strong></span> 
     </span>
     <span class='ocr_line' id='line_1_4' title="bbox 109 417 885 482; baseline 0.003 -14"><span class='ocrx_word' id='word_1_18' title='bbox 109 431 195 468; x_wconf 88' lang='lat' dir='ltr'><strong>omnes</strong></span> <span class='ocrx_word' id='word_1_19' title='bbox 202 417 347 466; x_wconf 85' lang='lat' dir='ltr'><strong>blacedeuiae</strong></span> <span class='ocrx_word' id='word_1_20' title='bbox 354 431 380 466; x_wconf 90' lang='lat' dir='ltr'><strong>se</strong></span> <span class='ocrx_word' id='word_1_21' title='bbox 387 417 538 466; x_wconf 84' lang='lat' dir='ltr'><strong>dediderunt</strong></span> <span class='ocrx_word' id='word_1_22' title='bbox 540 432 611 479; x_wconf 85' lang='lat' dir='ltr'><strong>gaza</strong></span> <span class='ocrx_word' id='word_1_23' title='bbox 619 419 687 480; x_wconf 80' lang='lat' dir='ltr'><strong>regia</strong></span> <span class='ocrx_word' id='word_1_24' title='bbox 697 419 724 467; x_wconf 91' lang='lat' dir='ltr'><strong>in</strong></span> <span class='ocrx_word' id='word_1_25' title='bbox 733 425 885 482; x_wconf 86' lang='lat' dir='ltr'><strong>potestatem</strong></span> 
     </span>
     <span class='ocr_line' id='line_1_5' title="bbox 109 488 885 575; baseline 0.006 -38"><span class='ocrx_word' id='word_1_26' title='bbox 109 489 192 546; x_wconf 82' lang='lat' dir='ltr'><strong>renit;</strong></span> <span class='ocrx_word' id='word_1_27' title='bbox 205 502 249 537; x_wconf 87' lang='lat' dir='ltr'><strong>rer</strong></span> <span class='ocrx_word' id='word_1_28' title='bbox 264 488 327 550; x_wconf 92' lang='lat' dir='ltr'><strong>ipse,</strong></span> <span class='ocrx_word' id='word_1_29' title='bbox 346 488 501 537; x_wconf 83' lang='lat' dir='ltr'>tradentibus</span> <span class='ocrx_word' id='word_1_30' title='bbox 511 503 589 552; x_wconf 80' lang='lat' dir='ltr'><strong>prope</strong></span> <span class='ocrx_word' id='word_1_31' title='bbox 603 490 664 551; x_wconf 92' lang='lat' dir='ltr'><strong>ipsis</strong></span> <span class='ocrx_word' id='word_1_32' title='bbox 677 491 758 546; x_wconf 89' lang='lat' dir='ltr'><strong>diis,</strong></span> <span class='ocrx_word' id='word_1_33' title='bbox 750 505 778 539; x_wconf 88' lang='lat' dir='ltr'><strong>ru</strong></span> <span class='ocrx_word' id='word_1_34' title='bbox 787 493 885 575; x_wconf 77' lang='lat' dir='ltr'><strong>temple</strong></span> 
     </span>
     <span class='ocr_line' id='line_1_6' title="bbox 111 558 895 633; baseline 0.005 -25"><span class='ocrx_word' id='word_1_35' title='bbox 111 559 298 608; x_wconf 86' lang='lat' dir='ltr'><strong>Samothracum</strong></span> <span class='ocrx_word' id='word_1_36' title='bbox 312 572 370 607; x_wconf 91' lang='lat' dir='ltr'><strong>cum</strong></span> <span class='ocrx_word' id='word_1_37' title='bbox 386 558 474 608; x_wconf 90' lang='lat' dir='ltr'><strong>liberis</strong></span> <span class='ocrx_word' id='word_1_38' title='bbox 488 567 525 609; x_wconf 92' lang='lat' dir='ltr'><strong>est</strong></span> <span class='ocrx_word' id='word_1_39' title='bbox 539 566 634 623; x_wconf 88' lang='lat' dir='ltr'><strong>eaptus.</strong></span> <span class='ocrx_word' id='word_1_40' title='bbox 648 561 706 608; x_wconf 90' lang='lat' dir='ltr'><strong>llihi</strong></span> <span class='ocrx_word' id='word_1_41' title='bbox 719 575 819 623; x_wconf 86' lang='lat' dir='ltr'><strong>quoque</strong></span> <span class='ocrx_word' id='word_1_42' title='bbox 834 563 895 633; x_wconf 88' lang='lat' dir='ltr'><strong>ipsi</strong></span> 
     </span>
     <span class='ocr_line' id='line_1_7' title="bbox 109 616 936 737; baseline 0.006 -59"><span class='ocrx_word' id='word_1_43' title='bbox 109 629 507 692; x_wconf 82' lang='lat' dir='ltr'><strong>nimiajamlortunameavideri</strong></span> <span class='ocrx_word' id='word_1_44' title='bbox 504 643 597 692; x_wconf 88' lang='lat' dir='ltr'><strong>,ecque</strong></span> <span class='ocrx_word' id='word_1_45' title='bbox 612 638 726 712; x_wconf 86' lang='lat' dir='ltr'><strong>suspecta</strong></span> <span class='ocrx_word' id='word_1_46' title='bbox 736 645 800 681; x_wconf 90' lang='lat' dir='ltr'><strong>esse</strong></span> <span class='ocrx_word' id='word_1_47' title='bbox 794 616 936 737; x_wconf 28' lang='lat' dir='ltr'><strong>liaris&amp;</strong></span> 
     </span>
     <span class='ocr_line' id='line_1_8' title="bbox 110 689 885 764; baseline 0.005 -14"><span class='ocrx_word' id='word_1_48' title='bbox 110 701 223 763; x_wconf 89' lang='lat' dir='ltr'><strong>pericula</strong></span> <span class='ocrx_word' id='word_1_49' title='bbox 233 701 324 751; x_wconf 87' lang='lat' dir='ltr'><strong>timere</strong></span> <span class='ocrx_word' id='word_1_50' title='bbox 337 701 399 762; x_wconf 83' lang='lat' dir='ltr'><strong>capi</strong></span> <span class='ocrx_word' id='word_1_51' title='bbox 412 701 438 748; x_wconf 92' lang='lat' dir='ltr'><strong>in</strong></span> <span class='ocrx_word' id='word_1_52' title='bbox 451 708 518 750; x_wconf 85' lang='lat' dir='ltr'><strong>tanta</strong></span> <span class='ocrx_word' id='word_1_53' title='bbox 533 703 637 763; x_wconf 90' lang='lat' dir='ltr'><strong>pecunia</strong></span> <span class='ocrx_word' id='word_1_54' title='bbox 653 689 885 764; x_wconf 58' lang='lat' dir='ltr'><strong>refir&#39;a&#39;ffi&#39;ltaliam</strong></span> 
     </span>
    </p>
   </div>
   <div class='ocr_carea' id='block_1_3' title="bbox 77 771 897 2164">
    <p class='ocr_par' dir='ltr' id='par_1_3' title="bbox 113 771 737 835">
     <span class='ocr_line' id='line_1_9' title="bbox 113 771 737 835; baseline 0 -15"><span class='ocrx_word' id='word_1_55' title='bbox 113 771 258 832; x_wconf 87' lang='lat' dir='ltr'><strong>trajicienda</strong></span> <span class='ocrx_word' id='word_1_56' title='bbox 270 777 295 819; x_wconf 91' lang='lat' dir='ltr'><strong>et</strong></span> <span class='ocrx_word' id='word_1_57' title='bbox 305 772 398 819; x_wconf 81' lang='lat' dir='ltr'><strong>victore</strong></span> <span class='ocrx_word' id='word_1_58' title='bbox 412 772 521 819; x_wconf 84' lang='lat' dir='ltr'><strong>exercitu</strong></span> <span class='ocrx_word' id='word_1_59' title='bbox 534 775 737 835; x_wconf 76' lang='lat' dir='ltr'>transportando.</span> 
     </span>
    </p>

    <p class='ocr_par' dir='ltr' id='par_1_4' title="bbox 77 842 897 2164">
     <span class='ocr_line' id='line_1_10' title="bbox 77 842 884 908; baseline 0.007 -21"><span class='ocrx_word' id='word_1_60' title='bbox 77 846 102 859; x_wconf 86' lang='grc'><strong>·“</strong></span> <span class='ocrx_word' id='word_1_61' title='bbox 141 843 276 903; x_wconf 87' lang='lat' dir='ltr'><strong>Postquam</strong></span> <span class='ocrx_word' id='word_1_62' title='bbox 287 842 369 891; x_wconf 87' lang='lat' dir='ltr'><strong>omnia</strong></span> <span class='ocrx_word' id='word_1_63' title='bbox 377 842 485 891; x_wconf 89' lang='lat' dir='ltr'><strong>secundo</strong></span> <span class='ocrx_word' id='word_1_64' title='bbox 494 843 595 891; x_wconf 87' lang='lat' dir='ltr'><strong>navium</strong></span> <span class='ocrx_word' id='word_1_65' title='bbox 603 858 679 893; x_wconf 85' lang='lat' dir='ltr'><strong>cursu</strong></span> <span class='ocrx_word' id='word_1_66' title='bbox 688 844 817 893; x_wconf 87' lang='lat' dir='ltr'><strong>inltaliam</strong></span> <span class='ocrx_word' id='word_1_67' title='bbox 826 859 884 908; x_wconf 89' lang='lat' dir='ltr'><strong>per-</strong></span> 
     </span>
     <span class='ocr_line' id='line_1_11' title="bbox 112 910 883 978; baseline 0.005 -16"><span class='ocrx_word' id='word_1_68' title='bbox 112 910 241 971; x_wconf 84' lang='lat' dir='ltr'><strong>venerunt,</strong></span> <span class='ocrx_word' id='word_1_69' title='bbox 259 926 342 975; x_wconf 89' lang='lat' dir='ltr'><strong>neque</strong></span> <span class='ocrx_word' id='word_1_70' title='bbox 360 918 413 962; x_wconf 88' lang='lat' dir='ltr'><strong>erat</strong></span> <span class='ocrx_word' id='word_1_71' title='bbox 424 914 566 975; x_wconf 84' lang='lat' dir='ltr'><strong>quodultra</strong></span> <span class='ocrx_word' id='word_1_72' title='bbox 589 928 701 978; x_wconf 79' lang='lat' dir='ltr'><strong>precarer,</strong></span> <span class='ocrx_word' id='word_1_73' title='bbox 721 915 883 978; x_wconf 83' lang='lat' dir='ltr'><strong>illudoptari,</strong></span> 
     </span>
     <span class='ocr_line' id='line_1_12' title="bbox 112 985 883 1046; baseline 0.004 -13"><span class='ocrx_word' id='word_1_74' title='bbox 112 989 148 1042; x_wconf 85' lang='lat' dir='ltr'><strong>ut,</strong></span> <span class='ocrx_word' id='word_1_75' title='bbox 160 997 238 1046; x_wconf 87' lang='lat' dir='ltr'><strong>quum</strong></span> <span class='ocrx_word' id='word_1_76' title='bbox 249 996 380 1032; x_wconf 86' lang='lat' dir='ltr'><strong>exsummo</strong></span> <span class='ocrx_word' id='word_1_77' title='bbox 394 985 534 1033; x_wconf 86' lang='lat' dir='ltr'><strong>retrovolvi</strong></span> <span class='ocrx_word' id='word_1_78' title='bbox 546 986 646 1033; x_wconf 87' lang='lat' dir='ltr'><strong>fortuna</strong></span> <span class='ocrx_word' id='word_1_79' title='bbox 656 988 808 1042; x_wconf 79' lang='lat' dir='ltr'><strong>consuesset,</strong></span> <span class='ocrx_word' id='word_1_80' title='bbox 821 1001 883 1036; x_wconf 91' lang='lat' dir='ltr'><strong>mu-</strong></span> 
     </span>
     <span class='ocr_line' id='line_1_13' title="bbox 111 1053 885 1118; baseline 0.001 -13"><span class='ocrx_word' id='word_1_81' title='bbox 111 1054 231 1105; x_wconf 79' lang='lat' dir='ltr'><strong>tationem</strong></span> <span class='ocrx_word' id='word_1_82' title='bbox 241 1053 390 1115; x_wconf 86' lang='lat' dir='ltr'><strong>ejusdemus</strong></span> <span class='ocrx_word' id='word_1_83' title='bbox 400 1069 453 1104; x_wconf 89' lang='lat' dir='ltr'><strong>mea</strong></span> <span class='ocrx_word' id='word_1_84' title='bbox 466 1055 557 1118; x_wconf 89' lang='lat' dir='ltr'><strong>potius,</strong></span> <span class='ocrx_word' id='word_1_85' title='bbox 565 1070 638 1118; x_wconf 87' lang='lat' dir='ltr'><strong>quam</strong></span> <span class='ocrx_word' id='word_1_86' title='bbox 646 1055 795 1116; x_wconf 84' lang='lat' dir='ltr'><strong>respublica,</strong></span> <span class='ocrx_word' id='word_1_87' title='bbox 804 1058 885 1106; x_wconf 87' lang='lat' dir='ltr'><strong>senti·</strong></span> 
     </span>
     <span class='ocr_line' id='line_1_14' title="bbox 112 1125 883 1187; baseline 0 -12"><span class='ocrx_word' id='word_1_88' title='bbox 112 1125 254 1187; x_wconf 85' lang='lat' dir='ltr'><strong>ret.ltaque</strong></span> <span class='ocrx_word' id='word_1_89' title='bbox 262 1127 402 1176; x_wconf 78' lang='lat' dir='ltr'><strong>defunctam</strong></span> <span class='ocrx_word' id='word_1_90' title='bbox 416 1141 471 1176; x_wconf 88' lang='lat' dir='ltr'><strong>esse</strong></span> <span class='ocrx_word' id='word_1_91' title='bbox 486 1127 612 1175; x_wconf 79' lang='lat' dir='ltr'><strong>fortunam</strong></span> <span class='ocrx_word' id='word_1_92' title='bbox 627 1127 752 1187; x_wconf 84' lang='lat' dir='ltr'>publicam</span> <span class='ocrx_word' id='word_1_93' title='bbox 763 1139 819 1176; x_wconf 90' lang='lat' dir='ltr'><strong>mea</strong></span> <span class='ocrx_word' id='word_1_94' title='bbox 830 1135 883 1177; x_wconf 87' lang='lat' dir='ltr'><strong>tam</strong></span> 
     </span>
     <span class='ocr_line' id='line_1_15' title="bbox 111 1196 884 1261; baseline 0 -13"><span class='ocrx_word' id='word_1_95' title='bbox 111 1196 205 1258; x_wconf 83' lang='lat' dir='ltr'><strong>insigni</strong></span> <span class='ocrx_word' id='word_1_96' title='bbox 212 1197 353 1246; x_wconf 89' lang='lat' dir='ltr'><strong>calamitate</strong></span> <span class='ocrx_word' id='word_1_97' title='bbox 359 1210 447 1259; x_wconf 83' lang='lat' dir='ltr'><strong>spero;</strong></span> <span class='ocrx_word' id='word_1_98' title='bbox 461 1197 527 1260; x_wconf 88' lang='lat' dir='ltr'><strong>quod</strong></span> <span class='ocrx_word' id='word_1_99' title='bbox 537 1196 678 1258; x_wconf 85' lang='lat' dir='ltr'><strong>triumphus</strong></span> <span class='ocrx_word' id='word_1_100' title='bbox 686 1211 764 1253; x_wconf 90' lang='lat' dir='ltr'><strong>meus,</strong></span> <span class='ocrx_word' id='word_1_101' title='bbox 772 1199 884 1261; x_wconf 80' lang='lat' dir='ltr'><strong>velutad</strong></span> 
     </span>
     <span class='ocr_line' id='line_1_16' title="bbox 112 1268 885 1325; baseline 0.005 -8"><span class='ocrx_word' id='word_1_102' title='bbox 112 1268 251 1318; x_wconf 85' lang='lat' dir='ltr'><strong>ludibrium</strong></span> <span class='ocrx_word' id='word_1_103' title='bbox 260 1281 363 1318; x_wconf 89' lang='lat' dir='ltr'><strong>casuum</strong></span> <span class='ocrx_word' id='word_1_104' title='bbox 376 1270 552 1325; x_wconf 88' lang='lat' dir='ltr'><strong>bumanorum,</strong></span> <span class='ocrx_word' id='word_1_105' title='bbox 567 1268 665 1317; x_wconf 89' lang='lat' dir='ltr'><strong>duobus</strong></span> <span class='ocrx_word' id='word_1_106' title='bbox 675 1269 808 1318; x_wconf 78' lang='lat' dir='ltr'><strong>funeribus</strong></span> <span class='ocrx_word' id='word_1_107' title='bbox 820 1270 885 1321; x_wconf 92' lang='lat' dir='ltr'><strong>libe-</strong></span> 
     </span>
     <span class='ocr_line' id='line_1_17' title="bbox 112 1326 885 1404; baseline 0.003 -15"><span class='ocrx_word' id='word_1_108' title='bbox 112 1353 200 1389; x_wconf 85' lang='lat' dir='ltr'><strong>rorum</strong></span> <span class='ocrx_word' id='word_1_109' title='bbox 212 1352 326 1388; x_wconf 88' lang='lat' dir='ltr'><strong>meorum</strong></span> <span class='ocrx_word' id='word_1_110' title='bbox 334 1345 372 1388; x_wconf 93' lang='lat' dir='ltr'><strong>est</strong></span> <span class='ocrx_word' id='word_1_111' title='bbox 380 1326 595 1402; x_wconf 61' lang='lat' dir='ltr'><strong>interpositusfltt,</strong></span> <span class='ocrx_word' id='word_1_112' title='bbox 604 1353 682 1404; x_wconf 89' lang='lat' dir='ltr'><strong>quum</strong></span> <span class='ocrx_word' id='word_1_113' title='bbox 691 1353 735 1401; x_wconf 82' lang='lat' dir='ltr'><strong>ego</strong></span> <span class='ocrx_word' id='word_1_114' title='bbox 745 1348 770 1389; x_wconf 89' lang='lat' dir='ltr'><strong>et</strong></span> <span class='ocrx_word' id='word_1_115' title='bbox 777 1340 885 1392; x_wconf 87' lang='lat' dir='ltr'><strong>Perseus</strong></span> 
     </span>
     <span class='ocr_line' id='line_1_18' title="bbox 112 1409 885 1473; baseline 0.003 -13"><span class='ocrx_word' id='word_1_116' title='bbox 112 1410 206 1460; x_wconf 89' lang='lat' dir='ltr'><strong>nobilia</strong></span> <span class='ocrx_word' id='word_1_117' title='bbox 215 1409 323 1458; x_wconf 85' lang='lat' dir='ltr'><strong>maxime</strong></span> <span class='ocrx_word' id='word_1_118' title='bbox 331 1410 407 1459; x_wconf 90' lang='lat' dir='ltr'><strong>sortis</strong></span> <span class='ocrx_word' id='word_1_119' title='bbox 412 1410 555 1459; x_wconf 89' lang='lat' dir='ltr'><strong>mortalium</strong></span> <span class='ocrx_word' id='word_1_120' title='bbox 563 1412 672 1473; x_wconf 82' lang='lat' dir='ltr'><strong>exempla</strong></span> <span class='ocrx_word' id='word_1_121' title='bbox 681 1418 830 1473; x_wconf 76' lang='lat' dir='ltr'><strong>spectemur.</strong></span> <span class='ocrx_word' id='word_1_122' title='bbox 840 1413 885 1462; x_wconf 92' lang='lat' dir='ltr'><strong>ille</strong></span> 
     </span>
     <span class='ocr_line' id='line_1_19' title="bbox 113 1480 885 1544; baseline 0.006 -16"><span class='ocrx_word' id='word_1_123' title='bbox 113 1481 158 1544; x_wconf 89' lang='lat' dir='ltr'><strong>qui</strong></span> <span class='ocrx_word' id='word_1_124' title='bbox 170 1487 227 1528; x_wconf 89' lang='lat' dir='ltr'><strong>ante</strong></span> <span class='ocrx_word' id='word_1_125' title='bbox 239 1494 266 1529; x_wconf 92' lang='lat' dir='ltr'><strong>se</strong></span> <span class='ocrx_word' id='word_1_126' title='bbox 276 1480 392 1543; x_wconf 83' lang='lat' dir='ltr'><strong>captivos,</strong></span> <span class='ocrx_word' id='word_1_127' title='bbox 406 1480 517 1543; x_wconf 86' lang='lat' dir='ltr'><strong>captivus</strong></span> <span class='ocrx_word' id='word_1_128' title='bbox 528 1481 589 1542; x_wconf 88' lang='lat' dir='ltr'><strong>ipse,</strong></span> <span class='ocrx_word' id='word_1_129' title='bbox 598 1480 655 1530; x_wconf 89' lang='lat' dir='ltr'><strong>daei</strong></span> <span class='ocrx_word' id='word_1_130' title='bbox 667 1481 759 1530; x_wconf 89' lang='lat' dir='ltr'><strong>liberos</strong></span> <span class='ocrx_word' id='word_1_131' title='bbox 766 1482 836 1540; x_wconf 88' lang='lat' dir='ltr'><strong>vidit,</strong></span> <span class='ocrx_word' id='word_1_132' title='bbox 844 1483 885 1533; x_wconf 90' lang='lat' dir='ltr'><strong>in·</strong></span> 
     </span>
     <span class='ocr_line' id='line_1_20' title="bbox 113 1550 885 1614; baseline 0.005 -14"><span class='ocrx_word' id='word_1_133' title='bbox 113 1550 222 1600; x_wconf 89' lang='lat' dir='ltr'><strong>celumes</strong></span> <span class='ocrx_word' id='word_1_134' title='bbox 234 1556 317 1598; x_wconf 89' lang='lat' dir='ltr'><strong>tamen</strong></span> <span class='ocrx_word' id='word_1_135' title='bbox 324 1564 366 1600; x_wconf 92' lang='lat' dir='ltr'><strong>eos</strong></span> <span class='ocrx_word' id='word_1_136' title='bbox 376 1552 464 1610; x_wconf 82' lang='lat' dir='ltr'><strong>babet3</strong></span> <span class='ocrx_word' id='word_1_137' title='bbox 480 1565 523 1613; x_wconf 87' lang='lat' dir='ltr'><strong>ego</strong></span> <span class='ocrx_word' id='word_1_138' title='bbox 532 1551 575 1614; x_wconf 92' lang='lat' dir='ltr'><strong>qui</strong></span> <span class='ocrx_word' id='word_1_139' title='bbox 585 1551 615 1599; x_wconf 92' lang='lat' dir='ltr'><strong>de</strong></span> <span class='ocrx_word' id='word_1_140' title='bbox 625 1552 668 1600; x_wconf 89' lang='lat' dir='ltr'><strong>illo</strong></span> <span class='ocrx_word' id='word_1_141' title='bbox 678 1551 842 1614; x_wconf 73' lang='lat' dir='ltr'><strong>triumphavi.</strong></span> <span class='ocrx_word' id='word_1_142' title='bbox 852 1555 885 1604; x_wconf 88' lang='lat' dir='ltr'><strong>ab</strong></span> 
     </span>
     <span class='ocr_line' id='line_1_21' title="bbox 114 1618 897 1687; baseline 0.001 -17"><span class='ocrx_word' id='word_1_143' title='bbox 114 1618 217 1670; x_wconf 89' lang='lat' dir='ltr'><strong>alterius</strong></span> <span class='ocrx_word' id='word_1_144' title='bbox 232 1619 318 1668; x_wconf 85' lang='lat' dir='ltr'><strong>iuuere</strong></span> <span class='ocrx_word' id='word_1_145' title='bbox 332 1621 462 1670; x_wconf 86' lang='lat' dir='ltr'><strong>liliicurru</strong></span> <span class='ocrx_word' id='word_1_146' title='bbox 472 1622 498 1669; x_wconf 93' lang='lat' dir='ltr'><strong>in</strong></span> <span class='ocrx_word' id='word_1_147' title='bbox 505 1621 668 1684; x_wconf 78' lang='lat' dir='ltr'><strong>[Capitolium.</strong></span> <span class='ocrx_word' id='word_1_148' title='bbox 680 1621 711 1670; x_wconf 90' lang='lat' dir='ltr'><strong>ad</strong></span> <span class='ocrx_word' id='word_1_149' title='bbox 720 1621 839 1687; x_wconf 88' lang='lat' dir='ltr'><strong>alterum]</strong></span> <span class='ocrx_word' id='word_1_150' title='bbox 849 1623 897 1687; x_wconf 63' lang='lat' dir='ltr'><strong>(btv</strong></span> 
     </span>
     <span class='ocr_line' id='line_1_22' title="bbox 114 1690 887 1755; baseline 0.005 -15"><span class='ocrx_word' id='word_1_151' title='bbox 114 1705 143 1740; x_wconf 86' lang='lat' dir='ltr'><strong>ex</strong></span> <span class='ocrx_word' id='word_1_152' title='bbox 149 1690 268 1752; x_wconf 83' lang='lat' dir='ltr'><strong>Capitolio</strong></span> <span class='ocrx_word' id='word_1_153' title='bbox 281 1704 359 1753; x_wconf 87' lang='lat' dir='ltr'><strong>prope</strong></span> <span class='ocrx_word' id='word_1_154' title='bbox 368 1693 420 1754; x_wconf 89' lang='lat' dir='ltr'><strong>jam</strong></span> <span class='ocrx_word' id='word_1_155' title='bbox 430 1693 598 1754; x_wconf 83' lang='lat' dir='ltr'><strong>exspirantem</strong></span> <span class='ocrx_word' id='word_1_156' title='bbox 608 1693 665 1741; x_wconf 86' lang='lat' dir='ltr'><strong>veni</strong></span> <span class='ocrx_word' id='word_1_157' title='bbox 676 1705 773 1755; x_wconf 83' lang='lat' dir='ltr'><strong>:neque</strong></span> <span class='ocrx_word' id='word_1_158' title='bbox 781 1699 887 1744; x_wconf 76' lang='lat' dir='ltr'><strong>extante</strong></span> 
     </span>
     <span class='ocr_line' id='line_1_23' title="bbox 114 1761 884 1826; baseline 0.003 -15"><span class='ocrx_word' id='word_1_159' title='bbox 114 1762 192 1822; x_wconf 86' lang='lat' dir='ltr'><strong>stirpe</strong></span> <span class='ocrx_word' id='word_1_160' title='bbox 203 1761 312 1810; x_wconf 81' lang='lat' dir='ltr'><strong>liberum</strong></span> <span class='ocrx_word' id='word_1_161' title='bbox 320 1770 433 1824; x_wconf 87' lang='lat' dir='ltr'><strong>superest</strong></span> <span class='ocrx_word' id='word_1_162' title='bbox 440 1763 484 1826; x_wconf 90' lang='lat' dir='ltr'><strong>qui</strong></span> <span class='ocrx_word' id='word_1_163' title='bbox 494 1764 519 1812; x_wconf 85' lang='lat' dir='ltr'><strong>L.</strong></span> <span class='ocrx_word' id='word_1_164' title='bbox 528 1762 621 1811; x_wconf 82' lang='lat' dir='ltr'><strong>AEmilii</strong></span> <span class='ocrx_word' id='word_1_165' title='bbox 629 1763 704 1811; x_wconf 85' lang='lat' dir='ltr'><strong>Paulli</strong></span> <span class='ocrx_word' id='word_1_166' title='bbox 712 1764 884 1813; x_wconf 81' lang='lat' dir='ltr'><strong>nomeulerat.</strong></span> 
     </span>
     <span class='ocr_line' id='line_1_24' title="bbox 115 1831 888 1896; baseline 0.001 -15"><span class='ocrx_word' id='word_1_167' title='bbox 115 1832 181 1881; x_wconf 83' lang='lat' dir='ltr'><strong>Duos</strong></span> <span class='ocrx_word' id='word_1_168' title='bbox 197 1831 275 1888; x_wconf 88' lang='lat' dir='ltr'><strong>enim,</strong></span> <span class='ocrx_word' id='word_1_169' title='bbox 292 1839 412 1896; x_wconf 87' lang='lat' dir='ltr'><strong>tanquam</strong></span> <span class='ocrx_word' id='word_1_170' title='bbox 425 1847 454 1882; x_wconf 85' lang='lat' dir='ltr'><strong>ex</strong></span> <span class='ocrx_word' id='word_1_171' title='bbox 467 1847 559 1894; x_wconf 76' lang='lat' dir='ltr'><strong>magua</strong></span> <span class='ocrx_word' id='word_1_172' title='bbox 575 1832 693 1894; x_wconf 75' lang='lat' dir='ltr'><strong>progenie</strong></span> <span class='ocrx_word' id='word_1_173' title='bbox 711 1832 850 1881; x_wconf 89' lang='lat' dir='ltr'><strong>liberorum</strong></span> <span class='ocrx_word' id='word_1_174' title='bbox 858 1833 888 1882; x_wconf 89' lang='lat' dir='ltr'><strong>iu</strong></span> 
     </span>
     <span class='ocr_line' id='line_1_25' title="bbox 114 1901 889 1963; baseline 0.001 -13"><span class='ocrx_word' id='word_1_175' title='bbox 114 1901 271 1962; x_wconf 86' lang='lat' dir='ltr'><strong>adeptionem</strong></span> <span class='ocrx_word' id='word_1_176' title='bbox 282 1902 361 1963; x_wconf 87' lang='lat' dir='ltr'><strong>datos,</strong></span> <span class='ocrx_word' id='word_1_177' title='bbox 375 1901 486 1952; x_wconf 87' lang='lat' dir='ltr'><strong>Cornelia</strong></span> <span class='ocrx_word' id='word_1_178' title='bbox 496 1911 520 1951; x_wconf 89' lang='lat' dir='ltr'><strong>et</strong></span> <span class='ocrx_word' id='word_1_179' title='bbox 532 1902 605 1950; x_wconf 85' lang='lat' dir='ltr'><strong>Fabia</strong></span> <span class='ocrx_word' id='word_1_180' title='bbox 615 1914 676 1963; x_wconf 84' lang='lat' dir='ltr'><strong>gens</strong></span> <span class='ocrx_word' id='word_1_181' title='bbox 689 1902 794 1958; x_wconf 79' lang='lat' dir='ltr'><strong>babent3</strong></span> <span class='ocrx_word' id='word_1_182' title='bbox 805 1901 889 1952; x_wconf 85' lang='lat' dir='ltr'><strong>Paulli</strong></span> 
     </span>
     <span class='ocr_line' id='line_1_26' title="bbox 115 1970 890 2034; baseline 0 -12"><span class='ocrx_word' id='word_1_183' title='bbox 115 1972 233 2031; x_wconf 83' lang='lat' dir='ltr'><strong>indcmo,</strong></span> <span class='ocrx_word' id='word_1_184' title='bbox 243 1979 335 2034; x_wconf 72' lang='lat' dir='ltr'><strong>praeter</strong></span> <span class='ocrx_word' id='word_1_185' title='bbox 343 1986 435 2030; x_wconf 81' lang='lat' dir='ltr'><strong>senem,</strong></span> <span class='ocrx_word' id='word_1_186' title='bbox 449 1986 523 2021; x_wconf 90' lang='lat' dir='ltr'><strong>nemo</strong></span> <span class='ocrx_word' id='word_1_187' title='bbox 532 1972 563 2031; x_wconf 64' lang='lat'><strong>(5)</strong></span> <span class='ocrx_word' id='word_1_188' title='bbox 575 1978 698 2033; x_wconf 87' lang='lat' dir='ltr'><strong>superest.</strong></span> <span class='ocrx_word' id='word_1_189' title='bbox 707 1970 753 2021; x_wconf 90' lang='lat' dir='ltr'><strong>Sed</strong></span> <span class='ocrx_word' id='word_1_190' title='bbox 759 1973 824 2020; x_wconf 90' lang='lat' dir='ltr'><strong>hane</strong></span> <span class='ocrx_word' id='word_1_191' title='bbox 833 1972 890 2022; x_wconf 87' lang='lat' dir='ltr'><strong>cla·</strong></span> 
     </span>
     <span class='ocr_line' id='line_1_27' title="bbox 116 2041 889 2104; baseline 0 -12"><span class='ocrx_word' id='word_1_192' title='bbox 116 2043 172 2092; x_wconf 87' lang='lat' dir='ltr'><strong>dem</strong></span> <span class='ocrx_word' id='word_1_193' title='bbox 185 2042 272 2092; x_wconf 88' lang='lat' dir='ltr'><strong>domus</strong></span> <span class='ocrx_word' id='word_1_194' title='bbox 286 2057 347 2093; x_wconf 87' lang='lat' dir='ltr'><strong>meae</strong></span> <span class='ocrx_word' id='word_1_195' title='bbox 360 2049 442 2093; x_wconf 84' lang='lat' dir='ltr'><strong>vestra</strong></span> <span class='ocrx_word' id='word_1_196' title='bbox 450 2041 556 2092; x_wconf 78' lang='lat' dir='ltr'><strong>felicitas</strong></span> <span class='ocrx_word' id='word_1_197' title='bbox 567 2049 593 2090; x_wconf 89' lang='lat' dir='ltr'><strong>et</strong></span> <span class='ocrx_word' id='word_1_198' title='bbox 604 2042 713 2091; x_wconf 89' lang='lat' dir='ltr'><strong>secunda</strong></span> <span class='ocrx_word' id='word_1_199' title='bbox 724 2042 825 2090; x_wconf 81' lang='lat' dir='ltr'><strong>fortuna</strong></span> <span class='ocrx_word' id='word_1_200' title='bbox 840 2056 889 2104; x_wconf 90' lang='lat' dir='ltr'><strong>pu·</strong></span> 
     </span>
     <span class='ocr_line' id='line_1_28' title="bbox 115 2114 344 2164; baseline -0.004 -1"><span class='ocrx_word' id='word_1_201' title='bbox 115 2114 181 2164; x_wconf 92' lang='lat' dir='ltr'><strong>blica</strong></span> <span class='ocrx_word' id='word_1_202' title='bbox 193 2115 344 2163; x_wconf 87' lang='lat' dir='ltr'><strong>consolatur.</strong></span> 
     </span>
    </p>
   </div>
   <div class='ocr_carea' id='block_1_4' title="bbox 116 2251 891 2805">
    <p class='ocr_par' dir='ltr' id='par_1_5' title="bbox 116 2251 891 2805">
     <span class='ocr_line' id='line_1_29' title="bbox 117 2251 890 2306; baseline -0.004 -6"><span class='ocrx_word' id='word_1_203' title='bbox 117 2256 164 2300; x_wconf 83' lang='lat' dir='ltr'><strong>suls</strong></span> <span class='ocrx_word' id='word_1_204' title='bbox 172 2252 281 2299; x_wconf 74' lang='lat' dir='ltr'><strong>etaientl’.</strong></span> <span class='ocrx_word' id='word_1_205' title='bbox 287 2253 383 2295; x_wconf 80' lang='lat' dir='ltr'><strong>licinius</strong></span> <span class='ocrx_word' id='word_1_206' title='bbox 391 2252 487 2303; x_wconf 73' lang='lat' dir='ltr'><strong>Crassus¹</strong></span> <span class='ocrx_word' id='word_1_207' title='bbox 515 2251 643 2294; x_wconf 79' lang='lat' dir='ltr'><strong>Proventus</strong></span> <span class='ocrx_word' id='word_1_208' title='bbox 659 2263 715 2306; x_wconf 89' lang='lat' dir='ltr'><strong>pour</strong></span> <span class='ocrx_word' id='word_1_209' title='bbox 732 2264 849 2296; x_wconf 78' lang='lat' dir='ltr'><strong>successus</strong></span> <span class='ocrx_word' id='word_1_210' title='bbox 864 2265 890 2297; x_wconf 78' lang='lat' dir='ltr'><strong>se</strong></span> 
     </span>
     <span class='ocr_line' id='line_1_30' title="bbox 116 2312 889 2369; baseline -0.004 -7"><span class='ocrx_word' id='word_1_211' title='bbox 116 2320 141 2363; x_wconf 80' lang='lat' dir='ltr'><strong>t.</strong></span> <span class='ocrx_word' id='word_1_212' title='bbox 151 2318 254 2361; x_wconf 77' lang='lat' dir='ltr'><strong>Hostilius·</strong></span> <span class='ocrx_word' id='word_1_213' title='bbox 274 2314 393 2366; x_wconf 76' lang='lat' dir='ltr'><strong>Mancinus,</strong></span> <span class='ocrx_word' id='word_1_214' title='bbox 400 2312 423 2362; x_wconf 84' lang='lat'><strong>0.</strong></span> <span class='ocrx_word' id='word_1_215' title='bbox 434 2314 489 2356; x_wconf 85' lang='lat' dir='ltr'><strong>llar-</strong></span> <span class='ocrx_word' id='word_1_216' title='bbox 515 2319 593 2357; x_wconf 84' lang='lat' dir='ltr'><strong>trouve</strong></span> <span class='ocrx_word' id='word_1_217' title='bbox 602 2315 713 2369; x_wconf 85' lang='lat' dir='ltr'><strong>plusieurs</strong></span> <span class='ocrx_word' id='word_1_218' title='bbox 720 2313 820 2358; x_wconf 82' lang='lat' dir='ltr'><strong>faisdans</strong></span> <span class='ocrx_word' id='word_1_219' title='bbox 828 2315 889 2359; x_wconf 83' lang='lat' dir='ltr'><strong>lutea</strong></span> 
     </span>
     <span class='ocr_line' id='line_1_31' title="bbox 117 2375 891 2432; baseline -0.003 -8"><span class='ocrx_word' id='word_1_220' title='bbox 117 2381 165 2424; x_wconf 87' lang='lat' dir='ltr'><strong>eius</strong></span> <span class='ocrx_word' id='word_1_221' title='bbox 175 2379 295 2432; x_wconf 85' lang='lat' dir='ltr'><strong>Philippus.</strong></span> <span class='ocrx_word' id='word_1_222' title='bbox 309 2375 354 2420; x_wconf 88' lang='lat' dir='ltr'><strong>Une</strong></span> <span class='ocrx_word' id='word_1_223' title='bbox 364 2377 489 2430; x_wconf 83' lang='lat' dir='ltr'><strong>expression</strong></span> <span class='ocrx_word' id='word_1_224' title='bbox 516 2377 587 2420; x_wconf 75' lang='lat' dir='ltr'><strong>cesar.</strong></span> <span class='ocrx_word' id='word_1_225' title='bbox 606 2399 634 2408; x_wconf 91' lang='lat'>—</span> <span class='ocrx_word' id='word_1_226' title='bbox 650 2377 671 2419; x_wconf 78' lang='grc' dir='ltr'><strong>ι.</strong></span> <span class='ocrx_word' id='word_1_227' title='bbox 690 2377 891 2431; x_wconf 70' lang='grc' dir='ltr'>Ιΰαριιοιὶιιιι.αά</span> 
     </span>
     <span class='ocr_line' id='line_1_32' title="bbox 116 2437 890 2496; baseline -0.001 -11"><span class='ocrx_word' id='word_1_228' title='bbox 116 2442 170 2485; x_wconf 83' lang='lat' dir='ltr'><strong>telle</strong></span> <span class='ocrx_word' id='word_1_229' title='bbox 179 2453 222 2496; x_wconf 89' lang='lat' dir='ltr'><strong>que</strong></span> <span class='ocrx_word' id='word_1_230' title='bbox 233 2453 239 2481; x_wconf 76' lang='grc' dir='ltr'><strong>ι</strong></span> <span class='ocrx_word' id='word_1_231' title='bbox 250 2450 294 2493; x_wconf 85' lang='lat' dir='ltr'><strong>per</strong></span> <span class='ocrx_word' id='word_1_232' title='bbox 306 2437 490 2494; x_wconf 78' lang='lat' dir='ltr'><strong>quadriennium</strong></span> <span class='ocrx_word' id='word_1_233' title='bbox 517 2438 636 2495; x_wconf 64' lang='lat' dir='ltr'><strong>alternam,</strong></span> <span class='ocrx_word' id='word_1_234' title='bbox 653 2446 710 2480; x_wconf 88' lang='lat' dir='ltr'><strong>mets</strong></span> <span class='ocrx_word' id='word_1_235' title='bbox 725 2439 799 2494; x_wconf 75' lang='lat' dir='ltr'><strong>pasees</strong></span> <span class='ocrx_word' id='word_1_236' title='bbox 811 2452 852 2496; x_wconf 83' lang='lat' dir='ltr'><strong>par</strong></span> <span class='ocrx_word' id='word_1_237' title='bbox 867 2441 890 2483; x_wconf 87' lang='lat' dir='ltr'><strong>le</strong></span> 
     </span>
     <span class='ocr_line' id='line_1_33' title="bbox 118 2500 891 2556; baseline -0.004 -8"><span class='ocrx_word' id='word_1_238' title='bbox 118 2507 241 2548; x_wconf 68' lang='lat' dir='ltr'><strong>causante</strong></span> <span class='ocrx_word' id='word_1_239' title='bbox 256 2514 292 2544; x_wconf 87' lang='lat' dir='ltr'><strong>me</strong></span> <span class='ocrx_word' id='word_1_240' title='bbox 308 2501 410 2545; x_wconf 77' lang='lat' dir='ltr'><strong>consules</strong></span> <span class='ocrx_word' id='word_1_241' title='bbox 424 2514 491 2556; x_wconf 89' lang='lat' dir='ltr'><strong>pour·</strong></span> <span class='ocrx_word' id='word_1_242' title='bbox 517 2502 607 2555; x_wconf 89' lang='lat' dir='ltr'><strong>cepiste‚</strong></span> <span class='ocrx_word' id='word_1_243' title='bbox 624 2500 725 2556; x_wconf 61' lang='lat' dir='ltr'><strong>supplices</strong></span> <span class='ocrx_word' id='word_1_244' title='bbox 740 2514 780 2556; x_wconf 85' lang='lat' dir='ltr'><strong>par</strong></span> <span class='ocrx_word' id='word_1_245' title='bbox 800 2501 891 2545; x_wconf 75' lang='lat' dir='ltr'><strong>munus</strong></span> 
     </span>
     <span class='ocr_line' id='line_1_34' title="bbox 117 2562 890 2618; baseline -0.004 -8"><span class='ocrx_word' id='word_1_246' title='bbox 117 2568 161 2611; x_wconf 85' lang='lat' dir='ltr'><strong>rait</strong></span> <span class='ocrx_word' id='word_1_247' title='bbox 170 2567 217 2607; x_wconf 79' lang='lat' dir='ltr'><strong>etre</strong></span> <span class='ocrx_word' id='word_1_248' title='bbox 222 2563 318 2618; x_wconf 85' lang='lat' dir='ltr'><strong>justilie&#39;e</strong></span> <span class='ocrx_word' id='word_1_249' title='bbox 325 2576 365 2618; x_wconf 89' lang='lat' dir='ltr'><strong>par</strong></span> <span class='ocrx_word' id='word_1_250' title='bbox 372 2563 453 2618; x_wconf 74' lang='lat' dir='ltr'><strong>l&#39;usage</strong></span> <span class='ocrx_word' id='word_1_251' title='bbox 463 2563 490 2605; x_wconf 89' lang='lat' dir='ltr'><strong>de</strong></span> <span class='ocrx_word' id='word_1_252' title='bbox 517 2562 615 2605; x_wconf 85' lang='lat' dir='ltr'><strong>Ursinus.</strong></span> <span class='ocrx_word' id='word_1_253' title='bbox 624 2584 651 2593; x_wconf 94' lang='lat'>-</span> <span class='ocrx_word' id='word_1_254' title='bbox 664 2564 685 2605; x_wconf 83' lang='lat'><strong>5.</strong></span> <span class='ocrx_word' id='word_1_255' title='bbox 703 2563 791 2608; x_wconf 79' lang='lat' dir='ltr'><strong>Praeter</strong></span> <span class='ocrx_word' id='word_1_256' title='bbox 805 2575 890 2617; x_wconf 74' lang='lat' dir='ltr'><strong>acum,</strong></span> 
     </span>
     <span class='ocr_line' id='line_1_35' title="bbox 118 2624 891 2680; baseline -0.003 -10"><span class='ocrx_word' id='word_1_257' title='bbox 118 2629 140 2672; x_wconf 90' lang='lat' dir='ltr'><strong>la</strong></span> <span class='ocrx_word' id='word_1_258' title='bbox 159 2627 254 2680; x_wconf 80' lang='lat' dir='ltr'><strong>langue,</strong></span> <span class='ocrx_word' id='word_1_259' title='bbox 273 2630 295 2667; x_wconf 89' lang='lat' dir='ltr'><strong>ct</strong></span> <span class='ocrx_word' id='word_1_260' title='bbox 312 2624 356 2667; x_wconf 89' lang='lat' dir='ltr'><strong>l&#39;on</strong></span> <span class='ocrx_word' id='word_1_261' title='bbox 372 2625 490 2680; x_wconf 87' lang='lat' dir='ltr'><strong>eompreud</strong></span> <span class='ocrx_word' id='word_1_262' title='bbox 517 2636 590 2676; x_wconf 83' lang='lat' dir='ltr'><strong>nemo,</strong></span> <span class='ocrx_word' id='word_1_263' title='bbox 620 2625 739 2667; x_wconf 79' lang='lat' dir='ltr'><strong>excellente</strong></span> <span class='ocrx_word' id='word_1_264' title='bbox 766 2626 891 2668; x_wconf 81' lang='lat' dir='ltr'><strong>correction</strong></span> 
     </span>
     <span class='ocr_line' id='line_1_36' title="bbox 118 2685 889 2742; baseline -0.005 -8"><span class='ocrx_word' id='word_1_265' title='bbox 118 2689 245 2734; x_wconf 83' lang='lat' dir='ltr'><strong>tacilement</strong></span> <span class='ocrx_word' id='word_1_266' title='bbox 269 2687 336 2742; x_wconf 89' lang='lat' dir='ltr'><strong>qu&#39;uu</strong></span> <span class='ocrx_word' id='word_1_267' title='bbox 358 2688 442 2730; x_wconf 87' lang='lat' dir='ltr'><strong>leeteur</strong></span> <span class='ocrx_word' id='word_1_268' title='bbox 460 2700 490 2731; x_wconf 92' lang='lat' dir='ltr'><strong>ou</strong></span> <span class='ocrx_word' id='word_1_269' title='bbox 518 2686 618 2740; x_wconf 86' lang='lat' dir='ltr'><strong>laitepar</strong></span> <span class='ocrx_word' id='word_1_270' title='bbox 631 2685 889 2730; x_wconf 75' lang='lat' dir='ltr'><strong>unsavantllollaadam</strong></span> 
     </span>
     <span class='ocr_line' id='line_1_37' title="bbox 118 2747 890 2805; baseline -0.006 -8"><span class='ocrx_word' id='word_1_271' title='bbox 118 2765 150 2797; x_wconf 83' lang='lat' dir='ltr'><strong>un</strong></span> <span class='ocrx_word' id='word_1_272' title='bbox 163 2752 246 2805; x_wconf 87' lang='lat' dir='ltr'><strong>cepiste</strong></span> <span class='ocrx_word' id='word_1_273' title='bbox 259 2750 369 2792; x_wconf 85' lang='lat' dir='ltr'><strong>inattentil</strong></span> <span class='ocrx_word' id='word_1_274' title='bbox 376 2750 448 2792; x_wconf 86' lang='lat' dir='ltr'><strong>aurait</strong></span> <span class='ocrx_word' id='word_1_275' title='bbox 460 2762 490 2804; x_wconf 92' lang='lat' dir='ltr'><strong>pu</strong></span> <span class='ocrx_word' id='word_1_276' title='bbox 516 2747 548 2789; x_wconf 82' lang='lat'><strong>011</strong></span> <span class='ocrx_word' id='word_1_277' title='bbox 557 2748 616 2791; x_wconf 85' lang='lat' dir='ltr'><strong>lisait</strong></span> <span class='ocrx_word' id='word_1_278' title='bbox 634 2753 699 2790; x_wconf 85' lang='lat' dir='ltr'><strong>avant</strong></span> <span class='ocrx_word' id='word_1_279' title='bbox 714 2747 747 2790; x_wconf 89' lang='lat' dir='ltr'><strong>lui</strong></span> <span class='ocrx_word' id='word_1_280' title='bbox 763 2751 853 2803; x_wconf 63' lang='lat' dir='ltr'><strong>prater</strong></span> <span class='ocrx_word' id='word_1_281' title='bbox 866 2759 890 2792; x_wconf 77' lang='lat' dir='ltr'><em>u</em></span> 
     </span>
    </p>
   </div>
   <div class='ocr_carea' id='block_1_5' title="bbox 114 2814 595 2870">
    <p class='ocr_par' dir='ltr' id='par_1_6' title="bbox 114 2814 595 2870">
     <span class='ocr_line' id='line_1_38' title="bbox 114 2814 595 2870; baseline -0.002 -12"><span class='ocrx_word' id='word_1_282' title='bbox 114 2817 304 2870; x_wconf 71' lang='lat' dir='ltr'><strong>cbangertresen</strong></span> <span class='ocrx_word' id='word_1_283' title='bbox 315 2814 490 2870; x_wconf 66' lang='lat' dir='ltr'><strong>puellarem-b.</strong></span> <span class='ocrx_word' id='word_1_284' title='bbox 518 2823 595 2857; x_wconf 81' lang='lat' dir='ltr'><strong>neme.</strong></span> 
     </span>
    </p>
   </div>
   <div class='ocr_carea' id='block_1_6' title="bbox 0 0 970 3690">
    <p class='ocr_par' dir='ltr' id='par_1_7' title="bbox 0 0 970 3690">
     <span class='ocr_line' id='line_1_39' title="bbox 0 0 970 3690; baseline 0 0"><span class='ocrx_word' id='word_1_285' title='bbox 0 0 970 3690; x_wconf 95' lang='lat' dir='ltr'><strong> </strong></span> 
     </span>
    </p>
   </div>
  </div>
 </body>
</html>
