<?xml version="1.0" encoding="UTF-8"?>
<!DOCTYPE html PUBLIC "-//W3C//DTD XHTML 1.0 Transitional//EN"
    "http://www.w3.org/TR/xhtml1/DTD/xhtml1-transitional.dtd">
<html xmlns="http://www.w3.org/1999/xhtml" xml:lang="en" lang="en">
 <head>
  <title>
</title>
<meta http-equiv="Content-Type" content="text/html;charset=utf-8" />
  <meta name='ocr-system' content='tesseract 3.04.00' />
  <meta name='ocr-capabilities' content='ocr_page ocr_carea ocr_par ocr_line ocrx_word'/>
</head>
<body>
  <div class='ocr_page' id='page_1' title='image "./concionessiveor00unkngoog_0389.png"; bbox 0 0 1904 3216; ppageno 0'>
   <div class='ocr_carea' id='block_1_1' title="bbox 133 186 605 239">
    <p class='ocr_par' dir='ltr' id='par_1_1' title="bbox 133 186 605 239">
     <span class='ocr_line' id='line_1_1' title="bbox 133 186 605 239; baseline -0.006 0"><span class='ocrx_word' id='word_1_1' title='bbox 133 187 180 239; x_wconf 75' lang='lat' dir='ltr'>eoi</span> <span class='ocrx_word' id='word_1_2' title='bbox 442 186 605 237; x_wconf 76' lang='lat' dir='ltr'>culmontis</span> 
     </span>
    </p>
   </div>
   <div class='ocr_carea' id='block_1_2' title="bbox 132 300 944 783">
    <p class='ocr_par' dir='ltr' id='par_1_2' title="bbox 132 300 944 783">
     <span class='ocr_line' id='line_1_2' title="bbox 134 300 911 366; baseline 0.001 -15"><span class='ocrx_word' id='word_1_3' title='bbox 134 301 298 352; x_wconf 77' lang='lat' dir='ltr'>avidissumus</span> <span class='ocrx_word' id='word_1_4' title='bbox 320 303 423 366; x_wconf 81' lang='lat' dir='ltr'>privatae</span> <span class='ocrx_word' id='word_1_5' title='bbox 441 302 529 364; x_wconf 72' lang='lat' dir='ltr'>gratie,</span> <span class='ocrx_word' id='word_1_6' title='bbox 554 314 681 351; x_wconf 83' lang='lat' dir='ltr'>maxumas</span> <span class='ocrx_word' id='word_1_7' title='bbox 701 300 846 350; x_wconf 88' lang='lat' dir='ltr'>inimicitias</span> <span class='ocrx_word' id='word_1_8' title='bbox 862 313 911 363; x_wconf 87' lang='lat' dir='ltr'>pro</span> 
     </span>
     <span class='ocr_line' id='line_1_3' title="bbox 133 370 911 435; baseline 0.001 -15"><span class='ocrx_word' id='word_1_9' title='bbox 133 370 263 432; x_wconf 75' lang='lat' dir='ltr'>republica</span> <span class='ocrx_word' id='word_1_10' title='bbox 280 373 392 435; x_wconf 90' lang='lat' dir='ltr'>suscepi;</span> <span class='ocrx_word' id='word_1_11' title='bbox 406 373 463 435; x_wconf 90' lang='lat' dir='ltr'>quis</span> <span class='ocrx_word' id='word_1_12' title='bbox 478 370 558 421; x_wconf 85' lang='lat' dir='ltr'>rictus</span> <span class='ocrx_word' id='word_1_13' title='bbox 573 371 685 419; x_wconf 83' lang='lat' dir='ltr'>camilla</span> <span class='ocrx_word' id='word_1_14' title='bbox 701 370 733 435; x_wconf 76' lang='lat' dir='ltr'>(l)</span> <span class='ocrx_word' id='word_1_15' title='bbox 745 370 820 419; x_wconf 87' lang='lat' dir='ltr'>simut</span> <span class='ocrx_word' id='word_1_16' title='bbox 833 384 911 432; x_wconf 89' lang='lat' dir='ltr'>quom</span> 
     </span>
     <span class='ocr_line' id='line_1_4' title="bbox 133 439 909 505; baseline 0 -15"><span class='ocrx_word' id='word_1_17' title='bbox 133 453 211 503; x_wconf 83' lang='lat' dir='ltr'>egens</span> <span class='ocrx_word' id='word_1_18' title='bbox 221 440 309 491; x_wconf 84' lang='lat' dir='ltr'>ulienae</span> <span class='ocrx_word' id='word_1_19' title='bbox 323 443 377 505; x_wconf 89' lang='lat' dir='ltr'>opis</span> <span class='ocrx_word' id='word_1_20' title='bbox 384 444 456 505; x_wconf 90' lang='lat' dir='ltr'>plura</span> <span class='ocrx_word' id='word_1_21' title='bbox 466 442 533 490; x_wconf 88' lang='lat' dir='ltr'>mala</span> <span class='ocrx_word' id='word_1_22' title='bbox 541 447 714 502; x_wconf 72' lang='lat' dir='ltr'>exspectarem,</span> <span class='ocrx_word' id='word_1_23' title='bbox 726 455 778 497; x_wconf 82' lang='lat' dir='ltr'>vos,</span> <span class='ocrx_word' id='word_1_24' title='bbox 789 439 909 502; x_wconf 77' lang='lat' dir='ltr'>Quirites,</span> 
     </span>
     <span class='ocr_line' id='line_1_5' title="bbox 133 511 911 574; baseline 0 -14"><span class='ocrx_word' id='word_1_25' title='bbox 133 524 224 560; x_wconf 87' lang='lat' dir='ltr'>rursus</span> <span class='ocrx_word' id='word_1_26' title='bbox 235 511 300 559; x_wconf 90' lang='lat' dir='ltr'>mibi</span> <span class='ocrx_word' id='word_1_27' title='bbox 313 513 421 574; x_wconf 89' lang='lat' dir='ltr'>patriam</span> <span class='ocrx_word' id='word_1_28' title='bbox 432 512 541 573; x_wconf 89' lang='lat' dir='ltr'>deosque</span> <span class='ocrx_word' id='word_1_29' title='bbox 551 511 649 559; x_wconf 82' lang='lat' dir='ltr'>Penatis</span> <span class='ocrx_word' id='word_1_30' title='bbox 659 525 717 559; x_wconf 89' lang='lat' dir='ltr'>cum</span> <span class='ocrx_word' id='word_1_31' title='bbox 723 511 818 573; x_wconf 84' lang='lat' dir='ltr'>ingenti</span> <span class='ocrx_word' id='word_1_32' title='bbox 827 511 911 574; x_wconf 84' lang='lat' dir='ltr'>digni-</span> 
     </span>
     <span class='ocr_line' id='line_1_6' title="bbox 134 582 909 646; baseline -0.001 -14"><span class='ocrx_word' id='word_1_33' title='bbox 134 587 189 632; x_wconf 88' lang='lat' dir='ltr'>tate</span> <span class='ocrx_word' id='word_1_34' title='bbox 196 582 309 631; x_wconf 79' lang='lat' dir='ltr'>dedistis.</span> <span class='ocrx_word' id='word_1_35' title='bbox 318 584 366 633; x_wconf 87' lang='lat' dir='ltr'>Pro</span> <span class='ocrx_word' id='word_1_36' title='bbox 373 582 596 646; x_wconf 79' lang='lat' dir='ltr'>quibusbeneilciis</span> <span class='ocrx_word' id='word_1_37' title='bbox 606 582 646 630; x_wconf 84' lang='lat' dir='ltr'>vix</span> <span class='ocrx_word' id='word_1_38' title='bbox 656 582 713 631; x_wconf 78' lang='lat' dir='ltr'>satis</span> <span class='ocrx_word' id='word_1_39' title='bbox 721 590 804 644; x_wconf 81' lang='lat' dir='ltr'>gratus</span> <span class='ocrx_word' id='word_1_40' title='bbox 814 582 909 640; x_wconf 82' lang='lat' dir='ltr'>videar,</span> 
     </span>
     <span class='ocr_line' id='line_1_7' title="bbox 132 651 911 715; baseline 0.001 -15"><span class='ocrx_word' id='word_1_41' title='bbox 132 652 157 701; x_wconf 84' lang='lat' dir='ltr'>si</span> <span class='ocrx_word' id='word_1_42' title='bbox 168 651 276 713; x_wconf 75' lang='lat' dir='ltr'>singulis</span> <span class='ocrx_word' id='word_1_43' title='bbox 285 653 403 710; x_wconf 88' lang='lat' dir='ltr'>animam,</span> <span class='ocrx_word' id='word_1_44' title='bbox 416 666 492 715; x_wconf 91' lang='lat' dir='ltr'>quam</span> <span class='ocrx_word' id='word_1_45' title='bbox 500 665 598 714; x_wconf 83' lang='lat' dir='ltr'>nequeo</span> <span class='ocrx_word' id='word_1_46' title='bbox 609 652 781 700; x_wconf 88' lang='lat' dir='ltr'>concesserim.</span> <span class='ocrx_word' id='word_1_47' title='bbox 792 653 850 701; x_wconf 79' lang='lat' dir='ltr'>dam</span> <span class='ocrx_word' id='word_1_48' title='bbox 859 652 911 702; x_wconf 86' lang='lat' dir='ltr'>vita</span> 
     </span>
     <span class='ocr_line' id='line_1_8' title="bbox 135 721 944 783; baseline -0.002 -10"><span class='ocrx_word' id='word_1_49' title='bbox 135 729 161 773; x_wconf 87' lang='lat' dir='ltr'>et</span> <span class='ocrx_word' id='word_1_50' title='bbox 170 736 237 771; x_wconf 86' lang='lat' dir='ltr'>mors</span> <span class='ocrx_word' id='word_1_51' title='bbox 248 723 307 783; x_wconf 90' lang='lat' dir='ltr'>jura</span> <span class='ocrx_word' id='word_1_52' title='bbox 316 731 414 773; x_wconf 82' lang='lat' dir='ltr'>naturae</span> <span class='ocrx_word' id='word_1_53' title='bbox 428 730 485 772; x_wconf 87' lang='lat' dir='ltr'>sunt</span> <span class='ocrx_word' id='word_1_54' title='bbox 494 739 500 769; x_wconf 90' lang='lat'>:</span> <span class='ocrx_word' id='word_1_55' title='bbox 509 730 538 771; x_wconf 92' lang='lat' dir='ltr'>ut</span> <span class='ocrx_word' id='word_1_56' title='bbox 547 721 601 770; x_wconf 90' lang='lat' dir='ltr'>sine</span> <span class='ocrx_word' id='word_1_57' title='bbox 609 721 729 770; x_wconf 88' lang='lat' dir='ltr'>dedecore</span> <span class='ocrx_word' id='word_1_58' title='bbox 738 735 795 770; x_wconf 88' lang='lat' dir='ltr'>cum</span> <span class='ocrx_word' id='word_1_59' title='bbox 805 722 909 779; x_wconf 81' lang='lat' dir='ltr'>civibus,</span> <span class='ocrx_word' id='word_1_60' title='bbox 941 742 944 747; x_wconf 96' lang='lat'>·</span> 
     </span>
    </p>
   </div>
   <div class='ocr_carea' id='block_1_3' title="bbox 115 791 911 1067">
    <p class='ocr_par' dir='ltr' id='par_1_3' title="bbox 115 791 911 1067">
     <span class='ocr_line' id='line_1_9' title="bbox 136 791 911 856; baseline 0.001 -15"><span class='ocrx_word' id='word_1_61' title='bbox 136 791 201 842; x_wconf 79' lang='lat' dir='ltr'>fama</span> <span class='ocrx_word' id='word_1_62' title='bbox 214 800 240 842; x_wconf 90' lang='lat' dir='ltr'>et</span> <span class='ocrx_word' id='word_1_63' title='bbox 251 793 356 842; x_wconf 88' lang='lat' dir='ltr'>tbrtunis</span> <span class='ocrx_word' id='word_1_64' title='bbox 371 793 479 856; x_wconf 83' lang='lat' dir='ltr'>integer,</span> <span class='ocrx_word' id='word_1_65' title='bbox 490 807 557 856; x_wconf 84' lang='lat' dir='ltr'>agas,</span> <span class='ocrx_word' id='word_1_66' title='bbox 572 792 598 841; x_wconf 92' lang='lat' dir='ltr'>id</span> <span class='ocrx_word' id='word_1_67' title='bbox 611 793 675 841; x_wconf 89' lang='lat' dir='ltr'>dono</span> <span class='ocrx_word' id='word_1_68' title='bbox 686 794 760 843; x_wconf 87' lang='lat' dir='ltr'>datur</span> <span class='ocrx_word' id='word_1_69' title='bbox 767 799 841 855; x_wconf 87' lang='lat' dir='ltr'>atque</span> <span class='ocrx_word' id='word_1_70' title='bbox 847 794 911 843; x_wconf 84' lang='lat' dir='ltr'>acci-</span> 
     </span>
     <span class='ocr_line' id='line_1_10' title="bbox 115 862 911 925; baseline -0.001 -11"><span class='ocrx_word' id='word_1_71' title='bbox 115 911 116 914; x_wconf 76' lang='grc'>,</span> <span class='ocrx_word' id='word_1_72' title='bbox 134 862 212 925; x_wconf 83' lang='lat' dir='ltr'>pitur.</span> <span class='ocrx_word' id='word_1_73' title='bbox 221 865 337 913; x_wconf 87' lang='lat' dir='ltr'>Consules</span> <span class='ocrx_word' id='word_1_74' title='bbox 344 877 389 913; x_wconf 87' lang='lat' dir='ltr'>nos</span> <span class='ocrx_word' id='word_1_75' title='bbox 396 863 498 920; x_wconf 87' lang='lat' dir='ltr'>lecistis,</span> <span class='ocrx_word' id='word_1_76' title='bbox 511 862 627 920; x_wconf 84' lang='lat' dir='ltr'>Quirites,</span> <span class='ocrx_word' id='word_1_77' title='bbox 639 863 705 912; x_wconf 89' lang='lat' dir='ltr'>domi</span> <span class='ocrx_word' id='word_1_78' title='bbox 712 863 821 924; x_wconf 88' lang='lat' dir='ltr'>bellique</span> <span class='ocrx_word' id='word_1_79' title='bbox 827 863 911 925; x_wconf 88' lang='lat' dir='ltr'>impe-</span> 
     </span>
     <span class='ocr_line' id='line_1_11' title="bbox 133 932 911 997; baseline 0.004 -16"><span class='ocrx_word' id='word_1_80' title='bbox 133 932 267 982; x_wconf 90' lang='lat' dir='ltr'>ditissuma</span> <span class='ocrx_word' id='word_1_81' title='bbox 283 934 418 996; x_wconf 84' lang='lat' dir='ltr'>republica.</span> <span class='ocrx_word' id='word_1_82' title='bbox 433 934 543 997; x_wconf 80' lang='lat' dir='ltr'>Namque</span> <span class='ocrx_word' id='word_1_83' title='bbox 555 937 714 996; x_wconf 89' lang='lat' dir='ltr'>imperatores</span> <span class='ocrx_word' id='word_1_84' title='bbox 726 935 849 996; x_wconf 79' lang='lat' dir='ltr'>Hispaniae</span> <span class='ocrx_word' id='word_1_85' title='bbox 859 934 911 984; x_wconf 90' lang='lat' dir='ltr'>sti-</span> 
     </span>
     <span class='ocr_line' id='line_1_12' title="bbox 135 1002 910 1067; baseline 0.004 -16"><span class='ocrx_word' id='word_1_86' title='bbox 135 1002 264 1064; x_wconf 88' lang='lat' dir='ltr'>pendium,</span> <span class='ocrx_word' id='word_1_87' title='bbox 277 1004 377 1061; x_wconf 87' lang='lat' dir='ltr'>milites,</span> <span class='ocrx_word' id='word_1_88' title='bbox 391 1018 469 1060; x_wconf 91' lang='lat' dir='ltr'>arma‚</span> <span class='ocrx_word' id='word_1_89' title='bbox 484 1008 640 1054; x_wconf 74' lang='lat' dir='ltr'>trumentum</span> <span class='ocrx_word' id='word_1_90' title='bbox 651 1011 770 1067; x_wconf 87' lang='lat' dir='ltr'>poscunt;</span> <span class='ocrx_word' id='word_1_91' title='bbox 788 1012 813 1054; x_wconf 91' lang='lat' dir='ltr'>et</span> <span class='ocrx_word' id='word_1_92' title='bbox 827 1005 853 1054; x_wconf 94' lang='lat' dir='ltr'>id</span> <span class='ocrx_word' id='word_1_93' title='bbox 868 1019 910 1055; x_wconf 88' lang='lat' dir='ltr'>res</span> 
     </span>
    </p>
   </div>
   <div class='ocr_carea' id='block_1_4' title="bbox 8 1073 912 2402">
    <p class='ocr_par' dir='ltr' id='par_1_4' title="bbox 8 1073 912 2402">
     <span class='ocr_line' id='line_1_13' title="bbox 136 1073 910 1138; baseline 0.008 -18"><span class='ocrx_word' id='word_1_94' title='bbox 136 1073 209 1133; x_wconf 85' lang='lat' dir='ltr'>cogit,</span> <span class='ocrx_word' id='word_1_95' title='bbox 225 1075 341 1136; x_wconf 90' lang='lat' dir='ltr'>qnoniam</span> <span class='ocrx_word' id='word_1_96' title='bbox 350 1076 489 1126; x_wconf 86' lang='lat' dir='ltr'>delectione</span> <span class='ocrx_word' id='word_1_97' title='bbox 497 1076 623 1125; x_wconf 89' lang='lat' dir='ltr'>sociorum</span> <span class='ocrx_word' id='word_1_98' title='bbox 630 1081 653 1123; x_wconf 92' lang='lat' dir='ltr'>et</span> <span class='ocrx_word' id='word_1_99' title='bbox 662 1075 754 1124; x_wconf 87' lang='lat' dir='ltr'>Sertori</span> <span class='ocrx_word' id='word_1_100' title='bbox 764 1089 808 1138; x_wconf 87' lang='lat' dir='ltr'>per</span> <span class='ocrx_word' id='word_1_101' title='bbox 816 1076 910 1127; x_wconf 90' lang='lat' dir='ltr'>montis</span> 
     </span>
     <span class='ocr_line' id='line_1_14' title="bbox 135 1143 907 1208; baseline 0.003 -15"><span class='ocrx_word' id='word_1_102' title='bbox 135 1145 196 1206; x_wconf 83' lang='lat' dir='ltr'>iuga</span> <span class='ocrx_word' id='word_1_103' title='bbox 210 1159 290 1208; x_wconf 86' lang='lat' dir='ltr'>neque</span> <span class='ocrx_word' id='word_1_104' title='bbox 306 1160 380 1195; x_wconf 89' lang='lat' dir='ltr'>manu</span> <span class='ocrx_word' id='word_1_105' title='bbox 394 1154 490 1195; x_wconf 84' lang='lat' dir='ltr'>certare</span> <span class='ocrx_word' id='word_1_106' title='bbox 507 1154 611 1207; x_wconf 87' lang='lat' dir='ltr'>possunt</span> <span class='ocrx_word' id='word_1_107' title='bbox 626 1159 707 1208; x_wconf 90' lang='lat' dir='ltr'>neque</span> <span class='ocrx_word' id='word_1_108' title='bbox 722 1143 793 1193; x_wconf 88' lang='lat' dir='ltr'>utilia</span> <span class='ocrx_word' id='word_1_109' title='bbox 809 1159 907 1206; x_wconf 88' lang='lat' dir='ltr'>parare.</span> 
     </span>
     <span class='ocr_line' id='line_1_15' title="bbox 135 1214 909 1278; baseline 0 -14"><span class='ocrx_word' id='word_1_110' title='bbox 135 1214 265 1265; x_wconf 83' lang='lat' dir='ltr'>Exercitus</span> <span class='ocrx_word' id='word_1_111' title='bbox 279 1217 305 1264; x_wconf 89' lang='lat' dir='ltr'>iu</span> <span class='ocrx_word' id='word_1_112' title='bbox 318 1218 373 1264; x_wconf 84' lang='lat' dir='ltr'>dsia</span> <span class='ocrx_word' id='word_1_113' title='bbox 387 1214 520 1278; x_wconf 84' lang='lat' dir='ltr'>Ciliciaque</span> <span class='ocrx_word' id='word_1_114' title='bbox 536 1216 567 1263; x_wconf 90' lang='lat' dir='ltr'>ob</span> <span class='ocrx_word' id='word_1_115' title='bbox 585 1214 675 1263; x_wconf 88' lang='lat' dir='ltr'>nimias</span> <span class='ocrx_word' id='word_1_116' title='bbox 688 1229 746 1276; x_wconf 89' lang='lat' dir='ltr'>opes</span> <span class='ocrx_word' id='word_1_117' title='bbox 762 1214 909 1264; x_wconf 80' lang='lat' dir='ltr'>ilitbridatis</span> 
     </span>
     <span class='ocr_line' id='line_1_16' title="bbox 137 1285 909 1348; baseline 0.001 -15"><span class='ocrx_word' id='word_1_118' title='bbox 137 1285 257 1335; x_wconf 89' lang='lat' dir='ltr'>aluntur:</span> <span class='ocrx_word' id='word_1_119' title='bbox 267 1286 405 1335; x_wconf 80' lang='lat' dir='ltr'>Macedonia</span> <span class='ocrx_word' id='word_1_120' title='bbox 419 1287 493 1348; x_wconf 91' lang='lat' dir='ltr'>plena</span> <span class='ocrx_word' id='word_1_121' title='bbox 507 1285 615 1335; x_wconf 84' lang='lat' dir='ltr'>bostium</span> <span class='ocrx_word' id='word_1_122' title='bbox 624 1292 670 1343; x_wconf 90' lang='lat' dir='ltr'>est,</span> <span class='ocrx_word' id='word_1_123' title='bbox 684 1300 729 1335; x_wconf 91' lang='lat' dir='ltr'>nec</span> <span class='ocrx_word' id='word_1_124' title='bbox 739 1287 821 1333; x_wconf 82' lang='lat' dir='ltr'>minus</span> <span class='ocrx_word' id='word_1_125' title='bbox 830 1285 909 1334; x_wconf 77' lang='lat' dir='ltr'>italiae</span> 
     </span>
     <span class='ocr_line' id='line_1_17' title="bbox 136 1355 910 1421; baseline 0.003 -17"><span class='ocrx_word' id='word_1_126' title='bbox 136 1355 271 1404; x_wconf 86' lang='lat' dir='ltr'>marituma</span> <span class='ocrx_word' id='word_1_127' title='bbox 284 1355 317 1421; x_wconf 77' lang='grc' dir='ltr'>(ὃ)</span> <span class='ocrx_word' id='word_1_128' title='bbox 329 1363 354 1405; x_wconf 93' lang='lat' dir='ltr'>et</span> <span class='ocrx_word' id='word_1_129' title='bbox 366 1355 551 1417; x_wconf 79' lang='lat' dir='ltr'>provinciarum</span> <span class='ocrx_word' id='word_1_130' title='bbox 562 1370 568 1400; x_wconf 91' lang='lat'>:</span> <span class='ocrx_word' id='word_1_131' title='bbox 580 1368 655 1416; x_wconf 89' lang='lat' dir='ltr'>quom</span> <span class='ocrx_word' id='word_1_132' title='bbox 667 1355 767 1403; x_wconf 89' lang='lat' dir='ltr'>interim</span> <span class='ocrx_word' id='word_1_133' title='bbox 781 1356 910 1417; x_wconf 79' lang='lat' dir='ltr'>vectigalia</span> 
     </span>
     <span class='ocr_line' id='line_1_18' title="bbox 8 1429 906 1496; baseline 0.001 -18"><span class='ocrx_word' id='word_1_134' title='bbox 8 1450 11 1455; x_wconf 95' lang='lat'>·</span> <span class='ocrx_word' id='word_1_135' title='bbox 56 1452 59 1457; x_wconf 96' lang='lat'>·</span> <span class='ocrx_word' id='word_1_136' title='bbox 137 1443 213 1491; x_wconf 86' lang='lat' dir='ltr'>parva</span> <span class='ocrx_word' id='word_1_137' title='bbox 228 1437 252 1478; x_wconf 92' lang='lat' dir='ltr'>et</span> <span class='ocrx_word' id='word_1_138' title='bbox 265 1429 338 1480; x_wconf 90' lang='lat' dir='ltr'>bellis</span> <span class='ocrx_word' id='word_1_139' title='bbox 347 1429 446 1479; x_wconf 91' lang='lat' dir='ltr'>incerta</span> <span class='ocrx_word' id='word_1_140' title='bbox 456 1430 496 1478; x_wconf 79' lang='lat' dir='ltr'>vix</span> <span class='ocrx_word' id='word_1_141' title='bbox 504 1435 602 1491; x_wconf 88' lang='lat' dir='ltr'>partem</span> <span class='ocrx_word' id='word_1_142' title='bbox 611 1435 756 1496; x_wconf 85' lang='lat' dir='ltr'>sumptuum</span> <span class='ocrx_word' id='word_1_143' title='bbox 767 1429 906 1480; x_wconf 86' lang='lat' dir='ltr'>sustinent:</span> 
     </span>
     <span class='ocr_line' id='line_1_19' title="bbox 136 1499 909 1562; baseline 0.004 -14"><span class='ocrx_word' id='word_1_144' title='bbox 136 1500 173 1548; x_wconf 90' lang='lat' dir='ltr'>ita</span> <span class='ocrx_word' id='word_1_145' title='bbox 184 1499 275 1559; x_wconf 90' lang='lat' dir='ltr'>classe,</span> <span class='ocrx_word' id='word_1_146' title='bbox 285 1514 343 1562; x_wconf 87' lang='lat' dir='ltr'>quae</span> <span class='ocrx_word' id='word_1_147' title='bbox 349 1508 503 1550; x_wconf 89' lang='lat' dir='ltr'>commeatus</span> <span class='ocrx_word' id='word_1_148' title='bbox 513 1499 639 1556; x_wconf 89' lang='lat' dir='ltr'>tuebatur,</span> <span class='ocrx_word' id='word_1_149' title='bbox 647 1500 742 1549; x_wconf 89' lang='lat' dir='ltr'>minore</span> <span class='ocrx_word' id='word_1_150' title='bbox 752 1513 827 1561; x_wconf 90' lang='lat' dir='ltr'>quam</span> <span class='ocrx_word' id='word_1_151' title='bbox 835 1507 909 1551; x_wconf 89' lang='lat' dir='ltr'>antea</span> 
     </span>
     <span class='ocr_line' id='line_1_20' title="bbox 136 1571 292 1631; baseline 0 -12"><span class='ocrx_word' id='word_1_152' title='bbox 136 1571 292 1631; x_wconf 83' lang='lat' dir='ltr'>navigamus.</span> 
     </span>
     <span class='ocr_line' id='line_1_21' title="bbox 168 1642 907 1704; baseline 0.004 -15"><span class='ocrx_word' id='word_1_153' title='bbox 168 1642 223 1690; x_wconf 85' lang='lat' dir='ltr'>iiaec</span> <span class='ocrx_word' id='word_1_154' title='bbox 236 1643 256 1691; x_wconf 90' lang='lat' dir='ltr'>si</span> <span class='ocrx_word' id='word_1_155' title='bbox 272 1642 328 1691; x_wconf 93' lang='lat' dir='ltr'>dolo</span> <span class='ocrx_word' id='word_1_156' title='bbox 340 1647 384 1691; x_wconf 89' lang='lat' dir='ltr'>aut</span> <span class='ocrx_word' id='word_1_157' title='bbox 397 1642 508 1692; x_wconf 88' lang='lat' dir='ltr'>socordia</span> <span class='ocrx_word' id='word_1_158' title='bbox 520 1648 604 1691; x_wconf 88' lang='lat' dir='ltr'>nostra</span> <span class='ocrx_word' id='word_1_159' title='bbox 616 1647 741 1691; x_wconf 88' lang='lat' dir='ltr'>contracta</span> <span class='ocrx_word' id='word_1_160' title='bbox 754 1649 822 1698; x_wconf 90' lang='lat' dir='ltr'>suut,</span> <span class='ocrx_word' id='word_1_161' title='bbox 831 1643 907 1704; x_wconf 81' lang='lat' dir='ltr'>agite,</span> 
     </span>
     <span class='ocr_line' id='line_1_22' title="bbox 136 1710 910 1774; baseline 0.001 -14"><span class='ocrx_word' id='word_1_162' title='bbox 136 1716 167 1760; x_wconf 90' lang='lat' dir='ltr'>ut</span> <span class='ocrx_word' id='word_1_163' title='bbox 178 1718 261 1759; x_wconf 90' lang='lat' dir='ltr'>monet</span> <span class='ocrx_word' id='word_1_164' title='bbox 271 1711 318 1769; x_wconf 87' lang='lat' dir='ltr'>ira,</span> <span class='ocrx_word' id='word_1_165' title='bbox 334 1712 484 1774; x_wconf 92' lang='lat' dir='ltr'>supplicium</span> <span class='ocrx_word' id='word_1_166' title='bbox 498 1710 600 1760; x_wconf 62' lang='lat' dir='ltr'>sumile</span> <span class='ocrx_word' id='word_1_167' title='bbox 612 1711 652 1759; x_wconf 93' lang='lat' dir='ltr'>sin</span> <span class='ocrx_word' id='word_1_168' title='bbox 662 1711 761 1759; x_wconf 82' lang='lat' dir='ltr'>fortuna</span> <span class='ocrx_word' id='word_1_169' title='bbox 769 1713 910 1762; x_wconf 88' lang='lat' dir='ltr'>communis</span> 
     </span>
     <span class='ocr_line' id='line_1_23' title="bbox 134 1780 910 1844; baseline 0.001 -14"><span class='ocrx_word' id='word_1_170' title='bbox 134 1781 251 1843; x_wconf 82' lang='lat' dir='ltr'>asperior</span> <span class='ocrx_word' id='word_1_171' title='bbox 262 1787 307 1840; x_wconf 91' lang='lat' dir='ltr'>est,</span> <span class='ocrx_word' id='word_1_172' title='bbox 318 1796 395 1843; x_wconf 88' lang='lat' dir='ltr'>quare</span> <span class='ocrx_word' id='word_1_173' title='bbox 409 1781 513 1843; x_wconf 81' lang='lat' dir='ltr'>indigna</span> <span class='ocrx_word' id='word_1_174' title='bbox 528 1780 595 1829; x_wconf 85' lang='lat' dir='ltr'>vobis</span> <span class='ocrx_word' id='word_1_175' title='bbox 607 1781 727 1844; x_wconf 92' lang='lat' dir='ltr'>nobisque</span> <span class='ocrx_word' id='word_1_176' title='bbox 743 1788 769 1830; x_wconf 90' lang='lat' dir='ltr'>et</span> <span class='ocrx_word' id='word_1_177' title='bbox 781 1782 910 1843; x_wconf 87' lang='lat' dir='ltr'>republica</span> 
     </span>
     <span class='ocr_line' id='line_1_24' title="bbox 137 1849 910 1913; baseline 0.003 -15"><span class='ocrx_word' id='word_1_178' title='bbox 137 1850 268 1912; x_wconf 76' lang='lat' dir='ltr'>incipitis?</span> <span class='ocrx_word' id='word_1_179' title='bbox 281 1853 362 1912; x_wconf 81' lang='lat' dir='ltr'>dique</span> <span class='ocrx_word' id='word_1_180' title='bbox 375 1866 430 1913; x_wconf 88' lang='lat' dir='ltr'>ego,</span> <span class='ocrx_word' id='word_1_181' title='bbox 442 1850 530 1913; x_wconf 90' lang='lat' dir='ltr'>quojus</span> <span class='ocrx_word' id='word_1_182' title='bbox 537 1849 603 1898; x_wconf 87' lang='lat' dir='ltr'>aetati</span> <span class='ocrx_word' id='word_1_183' title='bbox 614 1864 682 1899; x_wconf 90' lang='lat' dir='ltr'>mors</span> <span class='ocrx_word' id='word_1_184' title='bbox 693 1850 794 1912; x_wconf 89' lang='lat' dir='ltr'>propior</span> <span class='ocrx_word' id='word_1_185' title='bbox 804 1858 849 1907; x_wconf 88' lang='lat' dir='ltr'>est,</span> <span class='ocrx_word' id='word_1_186' title='bbox 860 1864 910 1900; x_wconf 90' lang='lat' dir='ltr'>non</span> 
     </span>
     <span class='ocr_line' id='line_1_25' title="bbox 135 1919 911 1983; baseline 0.003 -15"><span class='ocrx_word' id='word_1_187' title='bbox 135 1920 269 1983; x_wconf 88' lang='lat' dir='ltr'>deprecor,</span> <span class='ocrx_word' id='word_1_188' title='bbox 282 1921 304 1969; x_wconf 91' lang='lat' dir='ltr'>si</span> <span class='ocrx_word' id='word_1_189' title='bbox 317 1921 377 1983; x_wconf 92' lang='lat' dir='ltr'>quid</span> <span class='ocrx_word' id='word_1_190' title='bbox 394 1935 423 1970; x_wconf 87' lang='lat' dir='ltr'>ea</span> <span class='ocrx_word' id='word_1_191' title='bbox 439 1920 508 1968; x_wconf 84' lang='lat' dir='ltr'>robis</span> <span class='ocrx_word' id='word_1_192' title='bbox 522 1919 673 1967; x_wconf 90' lang='lat' dir='ltr'>incommodi</span> <span class='ocrx_word' id='word_1_193' title='bbox 685 1919 811 1968; x_wconf 87' lang='lat' dir='ltr'>demitur:</span> <span class='ocrx_word' id='word_1_194' title='bbox 829 1934 911 1982; x_wconf 89' lang='lat' dir='ltr'>neque</span> 
     </span>
     <span class='ocr_line' id='line_1_26' title="bbox 137 1988 910 2054; baseline 0.001 -16"><span class='ocrx_word' id='word_1_195' title='bbox 137 2004 194 2039; x_wconf 82' lang='lat' dir='ltr'>mox</span> <span class='ocrx_word' id='word_1_196' title='bbox 202 1991 423 2053; x_wconf 86' lang='lat' dir='ltr'>ingeniocorporis</span> <span class='ocrx_word' id='word_1_197' title='bbox 434 1988 466 2054; x_wconf 84' lang='lat' dir='ltr'>(l)</span> <span class='ocrx_word' id='word_1_198' title='bbox 474 1989 602 2038; x_wconf 87' lang='lat' dir='ltr'>honestius</span> <span class='ocrx_word' id='word_1_199' title='bbox 610 2003 685 2051; x_wconf 88' lang='lat' dir='ltr'>quam</span> <span class='ocrx_word' id='word_1_200' title='bbox 693 1991 910 2051; x_wconf 77' lang='lat' dir='ltr'>prorostrasalute</span> 
     </span>
     <span class='ocr_line' id='line_1_27' title="bbox 137 2059 910 2121; baseline 0.003 -13"><span class='ocrx_word' id='word_1_201' title='bbox 137 2061 215 2109; x_wconf 84' lang='lat' dir='ltr'>finem</span> <span class='ocrx_word' id='word_1_202' title='bbox 222 2062 280 2109; x_wconf 80' lang='lat' dir='ltr'>vitae</span> <span class='ocrx_word' id='word_1_203' title='bbox 292 2061 403 2110; x_wconf 86' lang='lat' dir='ltr'>fecerim.</span> <span class='ocrx_word' id='word_1_204' title='bbox 415 2061 505 2108; x_wconf 83' lang='lat' dir='ltr'>ddsum</span> <span class='ocrx_word' id='word_1_205' title='bbox 512 2073 543 2107; x_wconf 92' lang='lat' dir='ltr'>cn</span> <span class='ocrx_word' id='word_1_206' title='bbox 553 2059 579 2108; x_wconf 83' lang='lat' dir='ltr'>C.</span> <span class='ocrx_word' id='word_1_207' title='bbox 588 2061 655 2109; x_wconf 81' lang='lat' dir='ltr'>Cotta</span> <span class='ocrx_word' id='word_1_208' title='bbox 662 2060 761 2116; x_wconf 86' lang='lat' dir='ltr'>consul;</span> <span class='ocrx_word' id='word_1_209' title='bbox 771 2060 834 2109; x_wconf 84' lang='lat' dir='ltr'>facio</span> <span class='ocrx_word' id='word_1_210' title='bbox 844 2061 910 2121; x_wconf 92' lang='lat' dir='ltr'>quod</span> 
     </span>
     <span class='ocr_line' id='line_1_28' title="bbox 137 2128 910 2192; baseline 0.001 -14"><span class='ocrx_word' id='word_1_211' title='bbox 137 2132 319 2191; x_wconf 86' lang='lat' dir='ltr'>saepemajores</span> <span class='ocrx_word' id='word_1_212' title='bbox 328 2130 498 2192; x_wconf 86' lang='lat' dir='ltr'>asperisbellis</span> <span class='ocrx_word' id='word_1_213' title='bbox 506 2129 599 2178; x_wconf 84' lang='lat' dir='ltr'>iecere:</span> <span class='ocrx_word' id='word_1_214' title='bbox 611 2143 685 2178; x_wconf 79' lang='lat' dir='ltr'>voveo</span> <span class='ocrx_word' id='word_1_215' title='bbox 695 2128 806 2191; x_wconf 90' lang='lat' dir='ltr'>dedoque</span> <span class='ocrx_word' id='word_1_216' title='bbox 814 2143 855 2179; x_wconf 89' lang='lat' dir='ltr'>me</span> <span class='ocrx_word' id='word_1_217' title='bbox 862 2144 910 2192; x_wconf 88' lang='lat' dir='ltr'>pro</span> 
     </span>
     <span class='ocr_line' id='line_1_29' title="bbox 135 2198 908 2261; baseline -0.001 -13"><span class='ocrx_word' id='word_1_218' title='bbox 135 2201 278 2261; x_wconf 84' lang='lat' dir='ltr'>republica,</span> <span class='ocrx_word' id='word_1_219' title='bbox 295 2214 368 2261; x_wconf 90' lang='lat' dir='ltr'>quam</span> <span class='ocrx_word' id='word_1_220' title='bbox 385 2199 473 2248; x_wconf 91' lang='lat' dir='ltr'>deiude</span> <span class='ocrx_word' id='word_1_221' title='bbox 486 2198 545 2261; x_wconf 90' lang='lat' dir='ltr'>quoi</span> <span class='ocrx_word' id='word_1_222' title='bbox 564 2200 695 2256; x_wconf 90' lang='lat' dir='ltr'>mandetis,</span> <span class='ocrx_word' id='word_1_223' title='bbox 718 2199 908 2261; x_wconf 88' lang='lat' dir='ltr'>circumspicite.</span> 
     </span>
     <span class='ocr_line' id='line_1_30' title="bbox 137 2270 912 2331; baseline -0.001 -12"><span class='ocrx_word' id='word_1_224' title='bbox 137 2271 199 2319; x_wconf 80' lang='lat' dir='ltr'>liam</span> <span class='ocrx_word' id='word_1_225' title='bbox 209 2271 283 2320; x_wconf 88' lang='lat' dir='ltr'>talem</span> <span class='ocrx_word' id='word_1_226' title='bbox 297 2270 418 2319; x_wconf 89' lang='lat' dir='ltr'>bonorem</span> <span class='ocrx_word' id='word_1_227' title='bbox 428 2270 509 2318; x_wconf 91' lang='lat' dir='ltr'>bonus</span> <span class='ocrx_word' id='word_1_228' title='bbox 521 2283 594 2318; x_wconf 90' lang='lat' dir='ltr'>nemo</span> <span class='ocrx_word' id='word_1_229' title='bbox 606 2270 679 2326; x_wconf 86' lang='lat' dir='ltr'>volet,</span> <span class='ocrx_word' id='word_1_230' title='bbox 688 2271 875 2331; x_wconf 85' lang='lat' dir='ltr'>quomicrtunae</span> <span class='ocrx_word' id='word_1_231' title='bbox 884 2276 912 2318; x_wconf 85' lang='lat' dir='ltr'>et</span> 
     </span>
     <span class='ocr_line' id='line_1_31' title="bbox 139 2339 911 2402; baseline 0 -13"><span class='ocrx_word' id='word_1_232' title='bbox 139 2341 215 2389; x_wconf 88' lang='lat' dir='ltr'>maris</span> <span class='ocrx_word' id='word_1_233' title='bbox 229 2348 254 2389; x_wconf 87' lang='lat' dir='ltr'>et</span> <span class='ocrx_word' id='word_1_234' title='bbox 266 2340 324 2389; x_wconf 90' lang='lat' dir='ltr'>belli</span> <span class='ocrx_word' id='word_1_235' title='bbox 335 2341 366 2390; x_wconf 92' lang='lat' dir='ltr'>ab</span> <span class='ocrx_word' id='word_1_236' title='bbox 379 2340 434 2389; x_wconf 91' lang='lat' dir='ltr'>aliis</span> <span class='ocrx_word' id='word_1_237' title='bbox 448 2340 497 2389; x_wconf 89' lang='lat' dir='ltr'>acti</span> <span class='ocrx_word' id='word_1_238' title='bbox 513 2341 577 2389; x_wconf 89' lang='lat' dir='ltr'>ratio</span> <span class='ocrx_word' id='word_1_239' title='bbox 589 2340 725 2400; x_wconf 87' lang='lat' dir='ltr'>reddunda,</span> <span class='ocrx_word' id='word_1_240' title='bbox 744 2348 787 2388; x_wconf 88' lang='lat' dir='ltr'>aut</span> <span class='ocrx_word' id='word_1_241' title='bbox 802 2339 911 2402; x_wconf 87' lang='lat' dir='ltr'>turpiter</span> 
     </span>
    </p>
   </div>
   <div class='ocr_carea' id='block_1_5' title="bbox 137 2551 910 2855">
    <p class='ocr_par' dir='ltr' id='par_1_5' title="bbox 137 2551 910 2855">
     <span class='ocr_line' id='line_1_32' title="bbox 138 2551 909 2608; baseline 0.001 -12"><span class='ocrx_word' id='word_1_242' title='bbox 138 2556 243 2596; x_wconf 73' lang='lat' dir='ltr'>noctram</span> <span class='ocrx_word' id='word_1_243' title='bbox 253 2552 474 2608; x_wconf 83' lang='lat' dir='ltr'>nonneqliqendcm.</span> <span class='ocrx_word' id='word_1_244' title='bbox 483 2577 510 2584; x_wconf 99' lang='lat'>—</span> <span class='ocrx_word' id='word_1_245' title='bbox 539 2553 605 2606; x_wconf 83' lang='lat' dir='ltr'>timo,</span> <span class='ocrx_word' id='word_1_246' title='bbox 615 2555 648 2597; x_wconf 90' lang='lat' dir='ltr'>les</span> <span class='ocrx_word' id='word_1_247' title='bbox 657 2551 909 2608; x_wconf 77' lang='lat' dir='ltr'>cotesintesteesparlci</span> 
     </span>
     <span class='ocr_line' id='line_1_33' title="bbox 138 2613 910 2669; baseline -0.001 -12"><span class='ocrx_word' id='word_1_248' title='bbox 138 2613 159 2657; x_wconf 74' lang='lat'>2.</span> <span class='ocrx_word' id='word_1_249' title='bbox 173 2614 250 2657; x_wconf 77' lang='lat' dir='ltr'>Victus</span> <span class='ocrx_word' id='word_1_250' title='bbox 263 2625 315 2656; x_wconf 85' lang='lat' dir='ltr'>cum</span> <span class='ocrx_word' id='word_1_251' title='bbox 333 2614 378 2655; x_wconf 80' lang='lat' dir='ltr'>itta</span> <span class='ocrx_word' id='word_1_252' title='bbox 396 2615 458 2669; x_wconf 82' lang='lat' dir='ltr'>(cum</span> <span class='ocrx_word' id='word_1_253' title='bbox 473 2626 510 2657; x_wconf 87' lang='lat' dir='ltr'>re·</span> <span class='ocrx_word' id='word_1_254' title='bbox 537 2616 625 2668; x_wconf 88' lang='lat' dir='ltr'>pirates,</span> <span class='ocrx_word' id='word_1_255' title='bbox 636 2616 653 2658; x_wconf 89' lang='lat' dir='ltr'>si</span> <span class='ocrx_word' id='word_1_256' title='bbox 664 2615 834 2669; x_wconf 79' lang='lat' dir='ltr'>glorieusement</span> <span class='ocrx_word' id='word_1_257' title='bbox 847 2615 910 2656; x_wconf 83' lang='lat' dir='ltr'>vain·</span> 
     </span>
     <span class='ocr_line' id='line_1_34' title="bbox 137 2674 909 2732; baseline -0.003 -14"><span class='ocrx_word' id='word_1_258' title='bbox 137 2676 251 2732; x_wconf 77' lang='lat' dir='ltr'>publicat,</span> <span class='ocrx_word' id='word_1_259' title='bbox 270 2676 356 2730; x_wconf 87' lang='lat' dir='ltr'>lorsque</span> <span class='ocrx_word' id='word_1_260' title='bbox 373 2676 392 2718; x_wconf 91' lang='lat' dir='ltr'>le</span> <span class='ocrx_word' id='word_1_261' title='bbox 410 2677 465 2732; x_wconf 90' lang='lat' dir='ltr'>parti</span> <span class='ocrx_word' id='word_1_262' title='bbox 483 2677 509 2719; x_wconf 92' lang='lat' dir='ltr'>de</span> <span class='ocrx_word' id='word_1_263' title='bbox 537 2677 634 2731; x_wconf 88' lang='lat' dir='ltr'>cusplus</span> <span class='ocrx_word' id='word_1_264' title='bbox 651 2676 698 2718; x_wconf 86' lang='lat' dir='ltr'>tard</span> <span class='ocrx_word' id='word_1_265' title='bbox 714 2674 865 2730; x_wconf 75' lang='lat' dir='ltr'>parPompde.</span> <span class='ocrx_word' id='word_1_266' title='bbox 880 2699 909 2708; x_wconf 94' lang='lat'>—</span> 
     </span>
     <span class='ocr_line' id='line_1_35' title="bbox 140 2736 907 2794; baseline 0.003 -14"><span class='ocrx_word' id='word_1_267' title='bbox 140 2739 194 2793; x_wconf 74' lang='lat' dir='ltr'>Sylla</span> <span class='ocrx_word' id='word_1_268' title='bbox 205 2740 255 2781; x_wconf 75' lang='lat' dir='ltr'>ituit</span> <span class='ocrx_word' id='word_1_269' title='bbox 266 2738 364 2793; x_wconf 74' lang='lat' dir='ltr'>opprimi</span> <span class='ocrx_word' id='word_1_270' title='bbox 374 2739 386 2780; x_wconf 76' lang='lat' dir='ltr'>a</span> <span class='ocrx_word' id='word_1_271' title='bbox 397 2738 463 2781; x_wconf 88' lang='lat' dir='ltr'>Rome</span> <span class='ocrx_word' id='word_1_272' title='bbox 470 2751 510 2792; x_wconf 90' lang='lat' dir='ltr'>par</span> <span class='ocrx_word' id='word_1_273' title='bbox 535 2736 556 2779; x_wconf 84' lang='lat' dir='ltr'>l.</span> <span class='ocrx_word' id='word_1_274' title='bbox 575 2737 672 2792; x_wconf 81' lang='lat' dir='ltr'>Inqeriio</span> <span class='ocrx_word' id='word_1_275' title='bbox 696 2749 808 2794; x_wconf 79' lang='lat' dir='ltr'>corporae,</span> <span class='ocrx_word' id='word_1_276' title='bbox 828 2738 907 2782; x_wconf 68' lang='lat' dir='ltr'>aad.</span> 
     </span>
     <span class='ocr_line' id='line_1_36' title="bbox 140 2800 909 2855; baseline 0 -13"><span class='ocrx_word' id='word_1_277' title='bbox 140 2801 226 2844; x_wconf 78' lang='lat' dir='ltr'>ilarius.</span> <span class='ocrx_word' id='word_1_278' title='bbox 237 2801 426 2843; x_wconf 85' lang='lat' dir='ltr'>L’oratcurdonne</span> <span class='ocrx_word' id='word_1_279' title='bbox 441 2801 452 2843; x_wconf 83' lang='lat' dir='ltr'>i</span> <span class='ocrx_word' id='word_1_280' title='bbox 468 2813 507 2843; x_wconf 92' lang='lat' dir='ltr'>son</span> <span class='ocrx_word' id='word_1_281' title='bbox 536 2803 626 2842; x_wconf 81' lang='lat' dir='ltr'>natura</span> <span class='ocrx_word' id='word_1_282' title='bbox 643 2800 756 2855; x_wconf 83' lang='lat' dir='ltr'>corporis.</span> <span class='ocrx_word' id='word_1_283' title='bbox 773 2800 909 2855; x_wconf 75' lang='lat' dir='ltr'>L&#39;organisa-</span> 
     </span>
    </p>
   </div>
   <div class='ocr_carea' id='block_1_6' title="bbox 4 2128 12 2840">
    <p class='ocr_par' dir='ltr' id='par_1_6' title="bbox 4 2128 12 2840">
     <span class='ocr_line' id='line_1_37' title="bbox 4 2128 12 2840; baseline 0 0"><span class='ocrx_word' id='word_1_284' title='bbox 4 2128 12 2840; x_wconf 95' lang='lat' dir='ltr'> </span> 
     </span>
    </p>
   </div>
   <div class='ocr_carea' id='block_1_7' title="bbox 19 2860 910 3040">
    <p class='ocr_par' dir='ltr' id='par_1_7' title="bbox 19 2860 910 3040">
     <span class='ocr_line' id='line_1_38' title="bbox 137 2860 909 2918; baseline 0.001 -15"><span class='ocrx_word' id='word_1_285' title='bbox 137 2863 216 2905; x_wconf 82' lang='lat' dir='ltr'>erilun</span> <span class='ocrx_word' id='word_1_286' title='bbox 223 2862 343 2917; x_wconf 78' lang='lat' dir='ltr'>maniplus</span> <span class='ocrx_word' id='word_1_287' title='bbox 350 2861 507 2918; x_wconf 88' lang='lat' dir='ltr'>noblequ&#39;ilne</span> <span class='ocrx_word' id='word_1_288' title='bbox 535 2860 579 2901; x_wconf 89' lang='lat' dir='ltr'>tion</span> <span class='ocrx_word' id='word_1_289' title='bbox 590 2873 632 2915; x_wconf 89' lang='lat' dir='ltr'>que</span> <span class='ocrx_word' id='word_1_290' title='bbox 643 2861 663 2902; x_wconf 88' lang='lat' dir='ltr'>la</span> <span class='ocrx_word' id='word_1_291' title='bbox 679 2867 756 2903; x_wconf 89' lang='lat' dir='ltr'>nature</span> <span class='ocrx_word' id='word_1_292' title='bbox 773 2874 784 2903; x_wconf 88' lang='lat' dir='ltr'>r</span> <span class='ocrx_word' id='word_1_293' title='bbox 801 2861 909 2905; x_wconf 72' lang='lat' dir='ltr'>donneed</span> 
     </span>
     <span class='ocr_line' id='line_1_39' title="bbox 19 2920 910 3040; baseline -0.004 -74"><span class='ocrx_word' id='word_1_294' title='bbox 19 2948 42 3040; x_wconf 53' lang='grc' dir='ltr'>ι</span> <span class='ocrx_word' id='word_1_295' title='bbox 124 2922 198 2967; x_wconf 62' lang='lat' dir='ltr'>teuit</span> <span class='ocrx_word' id='word_1_296' title='bbox 213 2924 358 2969; x_wconf 77' lang='lat' dir='ltr'>recidement.</span> <span class='ocrx_word' id='word_1_297' title='bbox 370 2949 398 2957; x_wconf 94' lang='lat'>-</span> <span class='ocrx_word' id='word_1_298' title='bbox 408 2924 429 2969; x_wconf 81' lang='lat'>5.</span> <span class='ocrx_word' id='word_1_299' title='bbox 439 2921 512 2967; x_wconf 80' lang='lat' dir='ltr'>ilari·</span> <span class='ocrx_word' id='word_1_300' title='bbox 537 2934 583 2965; x_wconf 90' lang='lat' dir='ltr'>une</span> <span class='ocrx_word' id='word_1_301' title='bbox 592 2921 658 2964; x_wconf 86' lang='lat' dir='ltr'>cbose</span> <span class='ocrx_word' id='word_1_302' title='bbox 667 2933 692 2963; x_wconf 85' lang='lat' dir='ltr'>se</span> <span class='ocrx_word' id='word_1_303' title='bbox 701 2920 736 2964; x_wconf 83' lang='lat' dir='ltr'>dit</span> <span class='ocrx_word' id='word_1_304' title='bbox 744 2920 910 2974; x_wconf 76' lang='lat' dir='ltr'>eulatiuinqc-</span> 
     </span>
    </p>
   </div>
   <div class='ocr_carea' id='block_1_8' title="bbox 0 0 958 3216">
    <p class='ocr_par' dir='ltr' id='par_1_8' title="bbox 0 0 958 3216">
     <span class='ocr_line' id='line_1_40' title="bbox 0 0 958 3216; baseline 0 0"><span class='ocrx_word' id='word_1_305' title='bbox 0 0 958 3216; x_wconf 95' lang='lat' dir='ltr'> </span> 
     </span>
    </p>
   </div>
  </div>
 </body>
</html>
