1904 3216
103 169 152 217 ⁴252
409 173 583 223 ottalanus.

106 295 167 368 ἓξὲξ.
174 266 209 324 ubi
217 285 331 337 frequentes
339 285 426 335 undique
436 285 535 335 principes
550 288 691 328 convenerunt,
700 284 735 321 tali
750 284 837 322 oratioue
847 288 878 323 est

136 427 176 470 Les
186 429 251 471 Grecs
261 432 283 471 et
292 427 325 470 les
335 428 438 470 Remains
447 439 471 469 se
481 432 530 469 sont
539 426 589 469 uuis
599 437 655 481 pour
670 425 753 469 abattre
763 425 875 481 Philippo:

107 487 256 531 laassera-t-on
276 488 416 542 aujouud'hui
427 489 493 542 lagos
511 499 540 529 au
559 487 652 541 pouvoir
673 485 703 529 du
726 493 786 542 tyran
803 487 876 539 Nubis,

107 548 196 605 lorsque
208 549 229 593 le
238 557 297 593 teste
307 551 334 592 de
344 548 365 592 la
375 549 442 592 Gceoe
451 555 484 591 est
493 547 563 592 libret
571 547 718 591 LcsRomaius
727 548 761 604 n'y
770 554 808 591 ont
817 550 876 604 point

106 611 214 661 d'interet,
224 611 273 654 laur
283 612 351 666 gleire
365 611 426 654 seule
440 622 468 653 en
481 609 643 663 sentiremus
655 609 769 664 l'exemple
779 616 812 666 est
824 610 877 653 dan·

106 685 195 729 scaeua,
207 686 250 729 que
258 673 291 717 les
300 673 366 716 (ireos
375 685 404 716 en
414 671 543 717 deliberent.

136 795 355 845 Bellnmndversus
362 795 503 857 Philippum
512 807 561 843 non
569 793 651 856 magis
658 794 785 844 communi
794 795 876 846 animo

105 865 258 926 consilioque
272 865 373 914 Romani
391 872 415 914 et
431 864 508 915 Graeci
528 870 666 926 gesseruut,
684 879 758 927 quam
773 866 876 927 utrique

106 950 163 986 suas
177 949 263 985 causas
271 936 331 986 belli
341 936 490 985 babuerunt.
501 935 561 984 ilum
571 941 597 984 et
609 935 776 984 Romanorum
789 935 876 984 amici·
943 960 946 966 -

104 1007 176 1065 tiam,
185 1019 253 1056 nilne
268 1005 481 1066 Carthaginienses
496 1006 580 1054 hostes
586 1017 675 1053 eorum
682 1005 875 1065 juvando,nunc

104 1077 147 1127 hic
159 1075 233 1126 sociis
242 1075 332 1125 nostris
342 1075 522 1138 oppugnandis,
532 1071 680 1132 violaverat3
692 1080 716 1122 et
726 1074 751 1122 in
764 1088 806 1123 vos
816 1075 874 1123 talis

44 1179 46 1182 -
104 1146 161 1205 luit,
171 1152 200 1194 ut
208 1145 288 1201 nobis,
300 1145 394 1194 etiamsi
404 1152 547 1193 nostrarum
557 1143 758 1192 oblivisceremur
766 1143 872 1205 injuria·

104 1230 172 1274 rum,
181 1221 269 1265 aestrae
283 1215 384 1277 injuciae
395 1215 453 1264 satis
461 1215 536 1274 digna
552 1228 625 1263 causa
638 1213 697 1262 beili
708 1214 813 1263 luerint.
824 1215 874 1264 lio·

104 1286 190 1335 diema
204 1284 351 1334 consultatio
364 1290 414 1332 tota
429 1282 535 1333 excubis
547 1283 646 1344 pendet.
659 1283 746 1332 Relero
760 1283 826 1332 enim
843 1286 873 1334 ad

104 1369 155 1413 vos,
166 1363 252 1404 utrum
260 1355 345 1416 lagos,
352 1352 542 1415 sicutscitisipsi
550 1352 581 1401 ab
590 1353 680 1401 Nabide
688 1359 815 1415 occupatos
822 1356 872 1416 pati

104 1425 185 1475 velitis
197 1426 242 1474 sub
255 1424 349 1474 ditione
360 1425 413 1486 ejus
424 1437 491 1483 esse;
506 1437 536 1472 an
551 1437 649 1485 aequum
662 1422 790 1480 censeatis,
800 1424 874 1472 nobi·

105 1495 224 1544 tissimum
240 1495 480 1557 vetustissimamque
496 1493 629 1550 civitatem,
647 1492 672 1541 in
687 1492 768 1542 media
782 1494 871 1543 Graecia

104 1566 184 1631 sitam.
197 1566 275 1627 repeti
291 1565 317 1614 in
331 1566 480 1622 libertatem,
490 1570 515 1614 et
528 1565 615 1615 eodem
625 1570 701 1622 statu,
716 1576 765 1626 quo
778 1569 872 1612 ceteras

104 1636 179 1686 urbes
190 1636 350 1698 Peloponnesi
365 1641 390 1684 et
404 1634 511 1692 Graeciae,
524 1648 586 1684 esse.
602 1630 658 1683 ilaec
675 1633 829 1690 consultatio,
843 1639 872 1683 nt

104 1706 201 1763 videtis,
212 1712 263 1754 tota
273 1707 302 1754 de
313 1720 341 1754 re
351 1705 491 1768 pertinente
502 1705 532 1754 ad
543 1719 585 1754 uos
601 1710 639 1754 est
654 1718 659 1752 :
672 1704 794 1753 Romanus
806 1704 882 1755 nihile

104 1776 223 1839 contingit
241 1776 283 1841 (l),
302 1776 348 1824 nisi
357 1780 479 1839 quatenus
492 1775 601 1825 liberatae
613 1773 720 1832 (traciae,
730 1773 874 1823 uniuscivi·

105 1844 870 1908 tatisservitus,nonplennmnecintegcamgloriamessesinit.

105 1918 216 1966 Ceterum
233 1916 254 1964 si
272 1930 315 1965 uos
333 1929 378 1964 nec
394 1930 453 1965 cuna
470 1917 524 1977 ejus
534 1914 649 1971 civitatis,
663 1928 709 1964 nec
722 1915 871 1976 exemplum,

106 2001 151 2036 neo
168 1987 309 2051 periculum
325 1992 414 2043 movet,
438 2000 470 2035 ne
488 1992 571 2048 sei-pat
588 1983 662 2034 latius
683 1983 796 2044 contagio
818 1983 872 2046 ejus

104 2058 174 2117 mali;
186 2072 230 2107 nos
243 2057 429 2119 aequibonique
442 2057 598 2106 fecimusne
607 2055 654 2105 hac
663 2068 692 2104 re
703 2068 746 2103 uos
760 2055 870 2106 consulo,

103 2134 213 2180 staturus
224 2143 253 2180 eo
264 2129 331 2192 quod
341 2128 426 2191 plures
434 2126 589 2178 censueritis.

455 2312 520 2362 (1le

103 2446 159 2509 Cap.
174 2447 213 2494 dl.
231 2445 315 2496 Oratio
334 2442 438 2493 Nabidis
454 2442 557 2507 tyranni
577 2442 814 2492 lacedaemoniorum
834 2442 869 2489 ad

407 2514 431 2562 Τ.
445 2513 591 2574 Quinotium.

128 2628 297 2666 senatusconsulto
315 2630 339 2667 de
354 2628 405 2667 bello
419 2628 512 2665 adversus
530 2626 590 2665 llabin
603 2626 789 2664 Lacedaemoniorum
802 2627 811 2661 t
825 2634 869 2661 cati-

106 2681 153 2722 num
167 2674 191 2708 ob
201 2677 306 2720 occupatos
318 2677 385 2721 Argos,
399 2672 546 2722 assentientibus
564 2672 642 2709 Graeciae
650 2671 768 2709 civitatibus.
779 2670 799 2706 Τ.
808 2633 869 2719 duin-

106 2719 167 2766 θίιυὲῑ.Ι
180 2718 247 2752 nalestn
260 2718 334 2765 agmine
353 2718 454 2756 laconiam
473 2726 578 2762 ingressus.
595 2716 655 2752 utulta
668 2716 814 2764 oppidnautvt
833 2721 867 2763 aaut

107 2759 205 2798 dediuone
217 2761 274 2809 cupit.
285 2763 347 2807 babis,
360 2764 468 2800 cedendum
477 2763 559 2798 lontano
566 2765 628 2805 ratus,
638 2762 687 2808 petit
696 2763 719 2796 ut
734 2759 770 2795 uba
780 2767 824 2795 cum
832 2768 868 2795 tm·

129 2886 208 2927 civili
228 2889 246 2929 lt
266 2889 331 2931 Nihil
350 2888 472 2945 continpit,
499 2900 549 2931 sens
557 2898 637 2944 paopre
648 2899 653 2929 ε
663 2899 691 2929 ne
701 2885 778 2929 souche
787 2885 868 2928 aurien
