1904 3216
80 170 168 244 ¹oa
331 128 336 137 ’
440 167 600 216 carnosos

138 285 233 334 mendae
248 298 309 332 auro
325 297 337 329 a
355 279 429 330 Gallis
447 281 562 334 civitatis.
577 283 674 343 quando
689 298 734 332 nec
750 285 813 332 fossa
825 284 905 332 vallo-

137 369 186 419 que
194 356 224 403 ab
242 351 399 414 ignavissimo
410 352 440 398 ad
451 365 522 411 opera
533 365 561 399 ac
572 352 732 401 muniendum
745 354 814 402 boste
826 353 904 402 clausi

138 433 228 481 essent,
245 431 270 473 et
282 434 412 481 erumpere
426 421 445 468 si
458 435 507 469 non
517 421 571 469 sine
585 435 674 482 magno
685 423 804 484 periculo,
820 431 905 471 tamen

137 494 192 544 sine
203 498 270 542 certa
291 490 408 553 pernicie,
424 499 533 550 possent,
551 490 650 547 Quodsi,
668 499 693 537 ut
707 492 757 540 illis
769 493 905 541 decurrere

138 577 166 611 ex
186 559 304 622 Capitolio
323 558 424 606 armatis
447 558 472 606 in
484 558 580 607 hostem
599 559 671 607 licuit
681 566 739 621 (quo
750 575 814 624 saepe
829 563 903 609 modo

136 631 232 683 obsessi
244 631 270 679 in
280 630 421 679 obsidentes
431 631 585 692 eruperunt),
596 630 629 678 ita
636 630 707 679 nobis
720 645 791 694 aequo
799 638 842 680 aut
851 632 904 680 ini·

137 717 187 767 quo
197 704 249 751 loco
260 700 396 751 dimicandi
407 701 577 749 tantammodo
589 715 646 749 cum
659 701 726 750 boste
740 703 810 764 copia
824 710 889 752 esset
896 719 903 768 3

137 788 187 822 non
197 772 260 822 mibi
271 771 364 834 paterni
372 771 448 819 animi
459 771 555 819 indoles
563 771 589 818 in
599 772 702 821 consilio
709 772 789 820 dando
797 772 902 823 deesset.

137 844 257 907 Equidem
270 848 375 891 mortem
387 855 432 904 pro
450 840 530 903 patria
544 841 691 902 praeclaram
706 856 762 892 esse
780 844 868 901 fateor,
880 850 905 893 et

137 928 177 964 me
188 914 227 961 rel
238 912 357 961 devovere
371 925 415 973 pro
425 911 514 973 populo
528 912 638 959 llomano
650 912 850 975 legionibusque.
865 917 904 963 vel

137 984 163 1032 in
177 983 273 1032 medios
288 995 327 1030 me
340 981 478 1029 immittere
498 981 580 1030 hostes
601 989 701 1043 paratus
723 998 789 1032 sum.
802 983 848 1033 Sed
863 985 903 1033 bic

136 1054 245 1118 patriam
266 1052 354 1108 video;
374 1052 423 1103 bic.
445 1051 567 1114 quidquid
591 1052 753 1100 Romanarum
778 1053 904 1113 legionum

135 1131 188 1181 est;
201 1137 255 1184 quae
269 1120 317 1171 nisi
329 1134 374 1184 pro
386 1120 473 1182 seipsis
484 1123 513 1168 ad
529 1128 633 1169 mortem
648 1135 720 1170 ruere
735 1124 827 1184 nolunt,
845 1123 904 1185 quid

136 1195 299 1255 habentquod
310 1200 388 1240 morte
401 1205 444 1239 sua
459 1191 608 1240 serventt-
617 1192 686 1240 Tecta
695 1193 765 1241 urbis
777 1193 842 1241 alicat
856 1193 904 1242 ali-

136 1265 203 1326 quis,
219 1271 244 1312 et
257 1263 357 1319 moenia,
371 1267 396 1310 et
409 1274 465 1310 eam
484 1263 580 1309 turbam
594 1276 607 1309 a
626 1275 675 1323 qua
693 1263 752 1311 urbs·
773 1263 899 1312 incolitur.

136 1361 167 1372 -
181 1336 235 1383 lmo
248 1334 348 1382 hercule
362 1334 502 1393 produntur
514 1345 545 1379 ea
566 1332 650 1380 omnia
663 1333 746 1382 deleto
766 1334 811 1381 lmc
831 1346 904 1382 exer-

136 1405 199 1460 citu,
209 1418 258 1451 non
271 1410 407 1451 servantur.
416 1401 475 1458 Quis
487 1405 554 1449 enim
564 1415 591 1449 ea
607 1402 734 1451 tuebitur?
746 1403 856 1452 lmbellis
869 1404 903 1453 vi·

136 1476 225 1524 delicet
240 1482 314 1534 atoue
332 1471 432 1520 incr-mis
444 1470 594 1521 multitudo?
607 1471 665 1519 'lam
675 1474 785 1530 hercule,
802 1487 877 1536 quam
888 1487 901 1521 a

136 1545 261 1594 Gallorum
278 1543 369 1604 impetu
379 1541 497 1589 delendit.
509 1543 544 1588 An
559 1541 648 1590 alleiis
662 1546 798 1592 exercitum
815 1543 902 1592 Camil·

136 1616 238 1676 lamque
249 1614 337 1661 ducem
356 1610 540 1673 implorabunt?
556 1611 598 1659 llic
618 1625 703 1659 omnes
718 1627 772 1674 spes
794 1625 902 1674 opesque

136 1692 208 1741 suut;
223 1697 284 1745 quas
294 1682 426 1738 servando,
437 1681 540 1741 patriam
549 1694 688 1737 servamus,
700 1683 810 1731 dedendo
819 1683 850 1731 ad
857 1696 902 1732 ne-

135 1769 197 1811 cem,
211 1755 314 1816 patriam
328 1752 463 1801 deserimus
473 1766 501 1800 ac
514 1751 649 1815 prodimus.
665 1778 696 1786 -
705 1755 734 1800 lt
749 1753 812 1801 loeda
827 1760 900 1815 atque

137 1824 302 1890 ignominiosa
314 1823 406 1871 deditio
416 1816 459 1869 est.
472 1821 518 1869 Sed
529 1835 557 1868 ea
568 1820 657 1870 caritas
670 1822 755 1882 patriae
766 1828 802 1870 est
812 1829 839 1870 ut
848 1827 900 1871 tam

136 1895 275 1959 ignominia
285 1907 347 1949 eam,
363 1905 439 1955 quam
452 1900 533 1940 morte
548 1896 641 1947 nostra,
655 1891 676 1939 si
687 1905 749 1953 opus
764 1892 806 1949 sit,
818 1905 900 1942 serve-

135 1982 201 2018 mus.
215 1967 336 2014 Subeatnr
344 1978 403 2024 ergo
417 1963 473 2019 ista,
484 1969 682 2025 quantacumque
694 1971 739 2018 est,
751 1962 898 2025 indignitas3

135 2047 161 2088 et
179 2043 298 2098 pareatur
321 2032 477 2088 necessitati,
497 2045 620 2093 quamne
643 2032 678 2080 uii
701 2033 801 2095 quidem
826 2047 902 2098 supe·

135 2115 189 2158 rant
207 2107 250 2170 (l).
267 2105 316 2159 lte,
331 2103 461 2160 consules,
482 2102 595 2151 redimite
616 2103 694 2152 armis
707 2103 833 2153 civitatem
851 2105 898 2169 (ἲ),

136 2193 209 2241 quam
221 2189 281 2225 auro
296 2175 399 2237 majores
411 2172 484 2220 vestri
497 2173 665 2222 redemerunt.

161 2317 235 2361 lxxv.
248 2319 266 2365 l.
281 2313 422 2363 Necessitati,
434 2325 503 2368 quum
531 2324 624 2366 propre:
635 2313 734 2355 rochetez
748 2313 767 2355 la
785 2314 856 2368 pauiu
871 2329 900 2362 au

135 2392 164 2422 ne
175 2380 210 2422 dii
226 2377 319 2434 quidem
330 2377 450 2432 superum.
465 2372 504 2416 bes
531 2374 578 2426 prix
593 2371 632 2414 des
647 2385 727 2425 maras,
736 2387 764 2416 en
779 2375 858 2420 livrant
867 2376 899 2420 les

135 2453 251 2496 croyances
265 2443 368 2493 paienues
380 2436 504 2479 reconnais·
530 2446 602 2475 armes
614 2434 626 2476 a
644 2434 752 2477 l’euuemi.
764 2435 791 2478 ns
801 2443 840 2482 ont
849 2438 899 2494 plus

134 2496 504 2554 saientunepuissauccsupdricure
531 2502 621 2545 souvant
635 2495 656 2538 le
672 2509 722 2538 sens
736 2497 805 2551 ligure
820 2497 849 2542 de
864 2511 899 2542 ra·

134 2564 147 2606 d
164 2564 225 2605 leurs
241 2563 314 2610 «lieux,
335 2560 354 2601 le
374 2559 462 2610 l'ulum,
480 2567 501 2600 rt
529 2558 634 2600 cbelcrla
644 2560 713 2613 patric
729 2572 768 2614 par
784 2560 899 2604 losarmos

134 2630 260 2679 ςιπρυμίνον,
285 2626 341 2669 Αἶσα,
368 2628 457 2675 Ἀνάγκη.
476 2642 503 2652 ·-
529 2619 814 2677 (obambulanti-loy.
831 2623 891 2666 tussi

134 2688 155 2732 2.
166 2684 279 2730 Redimite
292 2684 365 2726 aroris
375 2682 501 2726 civitatem.
529 2693 585 2737 pour
596 2693 621 2724 ce
637 2681 743 2735 discours.
761 2694 801 2725 nos
818 2683 898 2733 Narro

134 2750 174 2793 Cos
200 2752 256 2789 mots
280 2753 317 2787 out
340 2747 368 2788 ici
387 2746 436 2788 leur
452 2757 502 2788 scas
529 2757 549 2798 p.
559 2744 593 2788 82
