1904 3216
236 185 272 234 EX
289 186 381 234 'ldClTl
398 185 543 237 tutatlutt
558 186 646 240 liutto
661 186 707 239 KV.
809 188 855 237 463

87 299 166 360 ponis.
179 298 226 348 Sed
238 307 357 362 quantum
367 301 467 350 Volusio
481 300 514 364 (3)
525 302 600 365 longa
614 301 767 365 parcimonia
786 317 856 366 quae-

88 368 151 427 sivit,
165 376 260 418 tantum
275 371 301 419 in
312 379 334 418 te
349 385 403 419 mea
418 372 554 421 liberalitas
577 375 675 436 explere
691 386 741 422 non
766 380 853 435 potest.

88 439 160 496 Quin,
176 440 197 488 si
208 454 255 502 qua
271 441 296 488 in
312 449 381 504 parte
398 442 522 491 lubricum
531 444 700 493 adolescentiae
711 452 803 494 nostrae
812 444 856 493 de·

87 509 171 565 clinat,
180 523 288 567 revocas,
304 519 467 574 ornatumque
479 511 512 574 ld)
533 514 613 562 robur
630 513 740 562 subsidio
758 515 855 577 impen-

87 579 140 629 sius
153 580 239 641 regist
254 581 304 629 lion
318 587 360 630 tua
375 582 521 645 moderatio,
531 583 553 631 si
560 583 699 632 reddideris
708 582 853 645 pecuniam;

87 665 132 700 nec
145 650 225 712 quies,
240 651 262 700 si
275 651 410 713 reliqueris
424 652 583 716 Principem;
604 653 648 702 sed
665 667 719 702 mea
742 653 853 714 avaritia,

87 734 148 770 meae
158 721 314 771 crudelitatis
328 729 408 771 metus
419 722 444 771 in
455 736 498 772 ore
507 724 619 773 omnium
627 723 776 773 versabitur.
787 724 854 781 Quod

86 791 108 841 si
123 792 228 841 maxime
242 793 394 842 continentia
405 800 446 843 tua
461 794 585 851 laudetur,
600 802 740 845 nontamen
750 795 855 857 sapienti

86 861 141 912 viro
151 863 269 912 decorum
283 863 370 921 fuerit,
383 864 449 913 unde
462 865 542 915 amieo
554 866 681 915 infamiam
698 871 778 927 paret,
796 864 856 915 inde

85 932 192 993 gloriam
206 932 253 982 sihi
267 934 388 995 recipere.

196 1221 252 1282 EX
277 1222 412 1269 urm
431 1222 489 1269 XV
513 1224 743 1274 emmunim

426 1427 516 1479 XXXVI

88 1572 144 1634 Cap.
156 1568 265 1620 tuerat.
274 1568 359 1620 Oratio
367 1569 433 1619 Paeti
446 1571 563 1620 Thraseae
576 1570 604 1619 in
614 1570 717 1623 Senatu
729 1570 794 1638 (L’an
804 1570 854 1638 aa.)

109 1713 200 1751 claudius
209 1713 323 1751 Timarchus
332 1712 430 1751 cretensis
438 1712 597 1759 reus‘agobatur.
606 1722 666 1760 quum
679 1712 722 1750 aliis
732 1713 855 1757 criminibus.

87 1761 131 1796 tum
140 1758 193 1806 quod
203 1757 314 1795 dictitasset
329 1757 348 1794 in
366 1766 402 1794 sua
419 1759 517 1804 potestate
534 1757 602 1798 sitnm.
618 1767 643 1794 an
653 1758 810 1803 proconsulibus.
820 1760 855 1806 qui

87 1805 162 1840 cretam
171 1801 306 1845 obtinuissem,
322 1806 389 1848 gratos
399 1806 512 1846 agerentur.
524 1802 584 1844 otram
593 1810 714 1838 occasionem
724 1803 786 1839 tatus
795 1804 855 1840 Tiara-

87 1847 162 1930 sfiadiffil
175 1845 248 1884 bonurn
265 1844 364 1894 publicum
381 1850 468 1891 vertens,
479 1848 581 1894 postquam
599 1845 624 1883 de
639 1849 795 1890 rooeonsuorau
812 1847 856 1885 hane

87 1902 99 1929 a
170 1903 175 1927 a

115 2007 155 2050 Les
169 2007 252 2051 bonnas
268 2007 318 2059 lois,
333 2008 365 2051 les
380 2007 460 2063 munds
477 2007 587 2061 exemplos
604 2014 656 2050 sont
671 2006 772 2062 touJ'ours
781 2004 820 2049 nis
829 2005 857 2051 de

88 2073 183 2130 quelque
198 2072 264 2125 laute,
276 2080 299 2116 et
307 2073 327 2115 la
337 2073 398 2116 laute
412 2072 505 2128 prdceda
515 2072 615 2126 toujours
624 2071 645 2114 la
655 2070 794 2126 ripression:
806 2070 857 2115 l'or-

89 2134 148 2190 gueil
157 2134 196 2178 des
206 2136 319 2190 provinces
336 2141 369 2177 ost
383 2148 414 2178 un
424 2136 471 2177 vioe
483 2133 608 2176 nouveaud
623 2132 751 2177 combattre.
764 2155 790 2164 ·-
798 2132 857 2178 ludis

89 2197 155 2241 Rome
166 2197 304 2251 envoyaitses
314 2196 411 2251 citovens
417 2196 485 2251 juger
495 2196 526 2238 les
540 2196 662 2249 provinces,
677 2194 816 2250 aujourd'hui
830 2195 857 2238 ils

88 2259 197 2302 semblent
206 2259 240 2314 n'v
255 2258 310 2300 aller
318 2269 362 2312 qua
380 2269 435 2313 pour
446 2256 561 2300 recueillir
580 2257 619 2300 des
634 2256 749 2311 suffrages.
768 2254 813 2306 Qus
824 2256 857 2300 lea

88 2323 203 2379 provinces
214 2321 312 2364 lrldment
321 2325 343 2362 et
355 2319 453 2363 loueutd
471 2320 521 2363 leur
534 2319 580 2373 gre,
592 2319 647 2362 mais
661 2319 715 2374 qu'il
728 2331 755 2362 ne
767 2320 810 2363 soit
819 2332 858 2376 pas

88 2386 129 2428 iait
139 2384 199 2427 trallc
211 2382 249 2425 des
266 2383 372 2436 louanges
383 2395 388 2424 :
399 2383 452 2425 c’ast
461 2382 481 2424 la
493 2389 555 2438 perte
564 2382 591 2425 de
600 2371 664 2424 l'Etat
674 2395 680 2423 ε
691 2380 723 2425 las
733 2383 858 2437 magistrata

88 2446 211 2491 iaiblissent
224 2452 245 2488 et
253 2445 285 2488 les
297 2450 372 2487 certus
384 2443 471 2487 siseres
484 2443 647 2498 disparuissent.
659 2464 686 2474 -
695 2440 725 2484 lle
734 2442 858 2500 memeque

89 2590 202 2644 largesses.
214 2610 241 2618 -
250 2586 271 2630 3.
286 2584 384 2629 Volusio.
398 2584 458 2629 Voici
488 2586 525 2628 nis
541 2585 634 2630 artibus
651 2584 776 2641 (quesitas),
797 2585 858 2641 irros-

89 2662 114 2693 ce
134 2661 176 2704 que
192 2649 263 2690 'lecito
280 2648 312 2691 dit
328 2647 355 2690 do
371 2646 457 2696 luitis.
487 2647 554 2701 sensa
571 2647 604 2689 tot
620 2644 790 2700 Imperatorum
808 2659 858 2690 ma·

88 2708 458 2765 lilll‚clt.50:l.l'olasiaseprspio
489 2708 544 2752 litio
568 2707 623 2764 satit.
642 2729 669 2739 -
696 2706 717 2751 i.
744 2706 856 2752 Ornatam

88 2776 154 2829 samo
173 2773 284 2816 concessit
297 2786 305 2815 .·
317 2771 356 2815 cui
374 2776 420 2815 tres
437 2777 459 2815 et
488 2771 585 2816 e.·d·d.
600 2770 738 2827 praeceptis,
753 2768 856 2815 masiliis

89 2835 219 2892 aonaqinta
235 2833 410 2889 onnispatium
428 2832 462 2876 ui·
490 2832 536 2877 tuis
563 2833 710 2883 instructum,
734 2837 856 2889 paratam.

89 2897 164 2949 vendi,
171 2897 342 2953 precipueque
355 2907 408 2953 opes
423 2895 463 2939 do·
489 2908 574 2939 commo
583 2908 614 2938 on
620 2895 656 2938 dit
662 2906 749 2939 orituro
758 2893 869 2936 clusam.
