1904 3216
332 199 370 253 EX
384 202 455 250 llvll
470 199 558 248 tirno
577 196 607 244 ll.
839 187 851 235 l

78 331 104 374 et
116 321 204 380 irasci.
214 327 240 372 et
248 321 376 384 ignoscere
384 329 470 380 posse:
484 315 550 363 inter
563 311 670 360 amicum
680 313 756 386 atque
766 303 854 382 inimi·

79 407 140 444 cum
151 390 287 442 discrimen
299 402 378 439 nosse.
395 390 479 448 teges,
491 396 546 433 rem
559 381 668 434 surdam,
678 373 854 453 inexorabilem

80 476 146 520 cese,
158 460 327 512 salubriorem
336 458 517 516 melioremque
531 451 598 513 inopi
607 460 683 511 quain
696 450 788 506 potenti
795 458 802 499 ;
815 456 854 522 ni-

81 534 119 583 bil
131 531 264 582 laxamenti
277 544 322 580 nec
337 529 417 579 reniae
434 526 532 579 hebere,
555 523 576 570 si
590 521 691 569 modum
705 525 850 594 excesseris.

83 603 256 653 Periculosum
268 613 333 658 esse,
348 600 375 648 in
390 603 427 648 tot
437 594 554 646 humanis
564 591 700 647 erroribus,
717 586 768 636 sola
780 597 859 633 inno*

84 674 164 722 oentia
173 673 265 723 rivere.

447 811 497 862 t'llt

82 955 142 1015 Cap.
163 951 188 1002 l.
211 950 299 1001 Oratio
325 953 354 1003 P.
382 950 475 1001 Valerii
502 949 639 1002 Publicoloe
661 950 696 1002 ad
723 944 864 1018 populum.-

311 1013 367 1077 (tio
382 1014 422 1077 R¹²
437 1014 484 1063 506
498 1029 535 1063 av.
549 1016 626 1076 J.-C.)

104 1134 195 1176 raucius
207 1137 285 1181 consul.
299 1147 360 1185 quum
373 1137 394 1174 i'n
407 1147 481 1174 sumini
489 1136 656 1179 veiineoiiiimm
670 1135 785 1175 imminenti.
793 1138 858 1175 adill-

82 1185 146 1225 umt,
159 1183 180 1218 ln
194 1190 326 1231 suspicionem
341 1182 562 1228 regniatlcciativeniu
572 1183 624 1229 quod
638 1184 712 1219 crimen
729 1188 747 1218 ui
764 1180 857 1223 dilueret.
870 1200 872 1204 ·

82 1236 170 1272 pruuuin
182 1226 469 1275 landaiitlortunamcollegir.
478 1227 529 1274 quiid
538 1226 619 1264 liberata
630 1227 691 1274 petila
704 1228 722 1262 in
735 1236 811 1263 summo
823 1231 858 1264 no·

82 1279 132 1308 non
140 1279 177 1316 pro
184 1271 285 1318 republica
293 1271 388 1307 dimicans
394 1275 471 1308 matura
484 1271 552 1318 gloria.
565 1271 647 1308 necdum
655 1281 676 1307 se
683 1275 774 1307 verteme
782 1271 800 1307 iii
808 1271 857 1307 iiivi-

81 1313 142 1353 dicm.
151 1320 234 1352 mortem
248 1314 374 1351 occubuisset
382 1326 388 1357 ς
395 1315 466 1351 deinde
478 1325 499 1352 se
513 1314 562 1353 dixit
574 1320 699 1362 superstitem
708 1316 775 1361 glorio
783 1325 825 1352 suta
832 1317 869 1352 ad·

81 1359 159 1396 crimen
169 1363 190 1396 et
196 1359 287 1396 invidiam
294 1367 411 1406 superesset
419 1359 498 1396 tandem
506 1359 524 1397 in
531 1361 573 1397 lieo
581 1360 639 1397 verba
646 1360 722 1407 erupit:

108 1464 243 1520 Impatience
256 1464 309 1506 d’uu
322 1476 383 1506 coeur
392 1463 464 1506 blesis
478 1464 516 1519 qui
526 1465 619 1508 s'exhnle
634 1478 661 1507 eii
672 1479 714 1508 une
729 1464 787 1510 sdrie
801 1467 861 1510 d'ins

82 1529 238 1582 terrogstions.
249 1549 276 1557 -
285 1525 415 1568 Concession
424 1526 464 1580 qni
474 1532 507 1567 est
516 1538 594 1570 eiicora
604 1539 634 1569 nii
644 1528 759 1582 reproche.

111 1643 276 1705 Nunquamne
282 1654 344 1702 ergo
355 1641 407 1690 ulla
414 1641 475 1690 odeo
484 1655 498 1690 a
508 1642 577 1692 vobis
584 1649 693 1706 spectata
704 1644 786 1694 virtus
794 1642 852 1701 erit,

81 1724 108 1767 ut
121 1717 266 1780 suspicione
280 1716 368 1765 violari
389 1717 518 1778 nequeat?
532 1717 582 1780 Ego
602 1732 650 1775 me,
664 1718 736 1768 illum
754 1719 853 1768 acerri-

82 1802 150 1838 mum
165 1801 258 1849 regum
279 1788 385 1846 hostem,
405 1787 487 1849 ipsum
504 1788 647 1850 cupiditatis
663 1789 735 1850 regni
757 1789 853 1838 crimen

80 1862 227 1911 subiturum
239 1859 373 1909 timerem?
390 1872 445 1920 ego.
464 1858 486 1907 si
504 1859 530 1907 in
542 1859 596 1920 ipsa
611 1873 668 1908 arce
684 1860 853 1921 Capitolioque

80 1933 230 1987 habitarem,
238 1929 315 1978 metui
323 1943 362 1978 me
371 1930 499 1979 crederem
506 1943 578 1992 posse
587 1945 601 1978 a
610 1930 706 1979 civibus
714 1932 776 1979 meis
784 1931 795 1978 l
804 1936 852 1978 tam

80 2003 127 2053 leri
143 2006 271 2051 momento
289 2013 344 2048 mea
365 2000 430 2062 apud
444 2014 487 2048 ios
502 2001 568 2049 lama
579 2001 687 2063 pendetl
706 2001 803 2048 Adeone
818 2009 855 2048 est

80 2072 181 2123 lundata
193 2070 282 2119 leviter
296 2069 365 2126 fides,
376 2076 414 2126 ut,
423 2070 468 2118 ubi
481 2069 537 2127 sim,
555 2084 630 2132 qnam
642 2069 685 2132 qui
704 2070 761 2125 sim,
775 2071 854 2129 magis

80 2141 191 2192 oeleratl
206 2140 260 2188 lion
269 2140 401 2189 obstabunt
413 2139 440 2188 P.
452 2139 542 2188 Valerii
554 2140 619 2189 aedes
629 2138 738 2187 libertati
755 2145 853 2193 vestra,

81 2212 208 2270 Quirites:
219 2215 274 2260 tuta
286 2210 337 2258 erit
346 2208 416 2258 robis
426 2210 503 2258 llelia.
520 2211 633 2259 Deleram
649 2209 734 2258 nonin
751 2209 854 2271 planum

80 2285 153 2332 modo
178 2282 255 2338 aedes,
272 2281 316 2330 sed
332 2279 390 2329 colli
407 2279 483 2330 etiam
500 2281 645 2344 subjiciam
664 2288 692 2329 nt
715 2294 757 2329 ros
779 2294 854 2341 snpra

79 2359 224 2416 suspectum
233 2365 274 2400 me
286 2350 366 2401 ciiem
377 2350 503 2400 habitetis.
523 2355 549 2399 ln
568 2352 634 2400 lelia
648 2351 781 2407 aedilicent,
797 2349 854 2411 qui-

80 2423 127 2474 bns
138 2422 232 2474 melius
241 2435 316 2484 quain
326 2421 352 2470 P.
363 2421 459 2469 Valerio
469 2422 581 2470 creditur
594 2420 704 2470 libertas.

451 2600 481 2648 lll

83 2737 136 2800 Cep.
149 2734 189 2785 lt.
203 2732 291 2787 Oratio
305 2732 381 2783 llncii
396 2731 513 2782 Scoeuoloe
524 2730 559 2781 ad
570 2734 723 2782 Porsennam
741 2731 855 2783 Clusino·

388 2818 443 2851 rum
453 2818 546 2868 reqcm.

106 2927 206 2967 ciricius
216 2928 311 2966 mmm
317 2925 431 2967 adolescens
444 2933 539 2979 parceret
552 2932 574 2972 in
585 2936 654 2973 castra
666 2932 776 2972 lorseiiniii
787 2930 878 2968 lenium
923 2966 926 2971 .
