1904 3216
104 218 152 268 482
410 210 575 265 ontrtuttrs

104 329 218 379 estimet.
233 327 340 378 Fructur
353 325 462 377 Vitellius
476 326 561 383 tratre,
579 323 692 388 coniuge,
709 324 799 377 liberis
816 326 851 390 (3)
870 341 878 373 :

103 401 167 450 mihi
181 413 231 448 non
247 399 341 448 ultione
358 410 440 460 neque
455 394 549 445 solatiis
567 408 630 457 opus
649 400 697 446 est.
719 395 766 446 tui
781 395 880 446 diutius

103 470 240 535 imperium
253 470 382 520 tenuerint
396 484 404 516 t
418 480 493 517 nemo
506 472 557 514 tam
570 464 669 516 fortiter
682 465 824 528 reliquerit.
843 468 879 516 dn

104 555 150 603 ego
159 546 256 591 tantum
268 540 383 589 Romane
393 538 475 601 pubis,
490 541 528 585 tot
536 536 648 598 egregios
660 538 786 588 exercitus
797 538 879 588 sterni

104 626 194 661 rursus
208 617 233 661 et
246 610 390 673 reipublicae
404 609 470 671 eripi
482 607 579 670 patiar?
590 608 636 656 liat
647 607 690 656 hic
709 621 810 658 mecum
822 609 880 674 ani,-

104 695 161 730 mus
174 680 216 743 (l),
225 687 344 743 tanquam
356 679 464 742 perituri
478 690 523 739 pro
539 690 579 725 me
589 676 689 726 fueritis
701 693 708 724 ι
722 678 766 728 sed
774 683 828 727 este
839 692 881 727 su·

104 751 235 813 perstites;
242 765 288 800 neo
298 751 341 800 diu
353 761 488 806 moremur,
495 761 541 809 ego
553 747 750 797 incolumitatem
760 754 878 805 restrum,

104 835 147 870 sos
160 821 323 870 constantiam
336 833 425 869 meam.
446 820 521 868 Plura
539 817 569 867 de
585 817 703 868 extremis
721 819 802 881 loqui,
819 832 880 881 pars

105 891 209 953 ignaviae
218 898 264 941 est.
276 891 434 954 Praecipuum
443 889 617 938 destinationis
629 904 691 940 meae
702 889 880 940 documentum

105 962 200 1017 habeto,
222 961 289 1024 quod
308 962 338 1010 de
358 960 460 1010 nemine
476 973 569 1021 queror
589 972 669 1008 :nam
690 959 806 1010 incusare
820 958 881 1011 deos

106 1032 143 1078 rel
158 1031 279 1088 homines,
292 1031 345 1093 ejus
358 1036 395 1079 est
410 1030 453 1092 qui
465 1030 548 1079 rivere
560 1029 628 1079 velit.

452 1204 531 1253 xlvlt

152 1333 208 1395 Cap.
227 1332 256 1381 76
270 1337 295 1382 et
311 1331 348 1381 77.
364 1331 449 1381 Oratio
465 1330 575 1380 riaciani
586 1330 621 1379 ad
641 1327 830 1394 Vespasianum.

126 1453 225 1491 Mucianus
231 1454 305 1501 syriam
314 1457 335 1491 et
343 1457 435 1502 quattuor
440 1452 527 1501 legiones
538 1450 778 1502 obtinebetvespesisuus.
787 1451 883 1491 obscuris

106 1499 209 1547 meatibus.
220 1500 255 1535 sed
264 1498 343 1544 egregia
354 1498 428 1534 virtute
439 1503 460 1535 et
470 1497 610 1547 tornataellum
620 1496 721 1546 ludoicum
732 1495 799 1534 tribus
814 1496 882 1542 legio-

105 1541 163 1577 ntbus
172 1541 325 1579 administrabat.
341 1544 388 1578 Eum
394 1541 435 1585 jam
446 1541 479 1578 diu
496 1541 520 1578 de
528 1542 637 1579 invadendo
646 1540 729 1587 imperio
745 1540 879 1590 cogitantem.

106 1595 129 1621 ac
141 1590 181 1621 tum
191 1585 274 1622 manime
283 1585 413 1632 indignantem
424 1584 448 1622 alr
463 1585 488 1622 im
505 1584 597 1623 tirusimo
612 1585 691 1623 homine
705 1583 783 1621 Vitellio
799 1593 883 1632 rempu-

106 1627 376 1710 belaircam'fmllm'tHUCiatnus’
394 1633 438 1678 post
454 1596 527 1668 mullos
543 1633 670 1678 secretosque
688 1626 848 1675 sermunculum
859 1631 882 1667 et

106 1683 346 1712 camraoeuuses:

133 1772 201 1813 luant
214 1771 240 1813 de
250 1771 344 1824 prendre
351 1783 395 1813 une
405 1770 534 1821 resolution,
544 1770 559 1812 il
570 1770 616 1812 saut
624 1782 688 1824 posen
697 1770 716 1811 si
726 1768 769 1812 alla
782 1774 817 1811 est
823 1770 883 1813 utile

107 1822 201 1883 itl'litat
214 1831 332 1886 glorieuse,
346 1831 484 1880 executalale3
494 1832 512 1872 si
521 1831 580 1873 celui
592 1832 630 1885 qui
643 1829 763 1884 lasuggdra
777 1830 882 1885 prendsa

107 1899 155 1946 part
164 1893 194 1935 du
200 1892 289 1943 danger.
302 1914 330 1924 -
338 1892 431 1946 Appeler
440 1892 556 1947 Vespasien
565 1893 577 1934 d
586 1891 686 1946 l'empire
695 1895 727 1933 est
733 1890 790 1933 utile
802 1891 884 1946 etglo·

107 1954 177 1996 rieux.
194 1977 219 1984 -
234 1953 296 1996 Fuira
309 1952 427 2008 Vespasien
439 1965 557 2007 empercur
575 1960 608 1996 est
624 1951 764 1996 executable:
776 1951 882 1997 Vitellius

108 2013 163 2057 n’est
174 2021 267 2057 soutenu
280 2013 303 2057 ui
321 2026 361 2069 pur
377 2027 416 2057 son
430 2015 508 2056 merite
522 2015 545 2056 ni
559 2026 600 2069 pur
609 2028 632 2057 sa
647 2015 771 2063 naissanoe;
792 2012 809 2055 il
825 2023 883 2069 peut

108 2077 230 2119 seulement
244 2078 290 2119 otro
303 2076 411 2118 iuuestci
423 2076 546 2130 Vespasien,
562 2083 584 2119 ot
598 2077 613 2118 il
623 2074 881 2131 n'estpasredoutnh103

108 2138 120 2179 i
134 2150 173 2180 son
185 2138 258 2181 armo'e
275 2137 328 2192 qu'il
347 2137 400 2192 perd
415 2138 441 2180 de
458 2137 589 2189 debuuehes‚
599 2138 715 2192 Vesprsien
731 2147 840 2191 opposeru
853 2139 882 2183 de

108 2199 191 2242 ltonnes
201 2207 297 2254 troupes‚
310 2199 336 2241 de
346 2198 438 2252 grandes
449 2212 577 2242 ressources
589 2204 611 2240 et
620 2199 653 2242 les
664 2199 743 2241 talento
752 2197 807 2241 d'un
818 2200 883 2255 eupi-

108 2262 174 2304 taine.
188 2284 215 2293 -
229 2260 290 2303 Eniiu
305 2260 390 2302 llucieu
407 2274 435 2303 en
454 2261 555 2304 oiirantl
572 2260 688 2314 Vespasien
705 2259 807 2314 l¹empire
822 2260 882 2317 qu'ii

109 2326 146 2368 etit
160 2338 190 2380 pu
201 2324 332 2368 rechercher
349 2323 471 2376 lui-meme,
488 2337 516 2367 ne
533 2323 603 2379 prend
615 2329 664 2378 part
675 2323 741 2377 qu'nu
754 2322 841 2378 danger
852 2324 882 2367 do

109 2385 256 2440 l'ontreprise;
266 2384 282 2427 il
294 2383 389 2426 rtielume
402 2385 472 2427 meme
489 2385 516 2428 de
526 2385 556 2439 s'y
570 2396 662 2439 exposer
671 2383 692 2426 le
704 2383 811 2438 premier,
826 2394 880 2427 cer-

109 2447 154 2489 tuin
165 2447 219 2502 qu'il
230 2453 262 2489 ost
271 2446 302 2488 du
310 2446 385 2488 succis
397 2454 419 2488 ot
428 2447 455 2489 de
468 2447 489 2489 la
500 2445 566 2489 bontd
577 2446 603 2488 de
618 2457 642 2488 se
652 2457 725 2488 cause.
736 2442 790 2486 liais
801 2443 819 2487 il
829 2444 883 2489 saut

109 2520 163 2563 ugtr.

140 2605 229 2655 Omnes
239 2606 282 2668 qui
292 2618 440 2665 magnarum
447 2618 531 2653 rerum
538 2606 640 2654 consilia
650 2603 800 2665 suscipiunt.
809 2603 885 2657 testi·

109 2690 178 2725 mure
190 2678 278 2725 debunt
290 2690 321 2724 an
335 2677 399 2738 quod
415 2676 554 2733 inchoatur,
569 2676 713 2738 reipublicae
725 2673 800 2731 utile,
815 2670 884 2737 ipsis

107 2807 128 2849 5,
145 2805 249 2848 Fratetur
270 2804 375 2848 Vitellius
393 2806 477 2858 fratre,
505 2800 825 2847 avaitlaissdlalibcrte.-d.
837 2800 886 2847 flia

97 2869 206 2924 cervicae,
227 2866 311 2913 liberis
330 2882 338 2912 .·
358 2867 429 2912 Othon
447 2867 480 2912 les
506 2866 610 2917 ecimus,
633 2872 688 2911 cette
707 2864 801 2922 pensae.
820 2872 885 2913 cette

87 2931 151 2975 aruit
161 2944 202 2977 eus
210 2945 241 2978 cn
248 2946 288 2980 son
296 2935 394 2994 pouvoir
402 2939 427 2980 et
433 2933 484 2979 leur
513 2930 643 2976 conticuos.
