1904 3216
311 140 349 190 EX
364 140 435 191 Ltttt
450 140 598 217 attatum„
797 143 847 193 ota

71 269 150 321 quum
162 257 322 304 comissatum
335 255 423 317 gladiis
434 253 539 303 accincti
554 268 594 303 me
604 262 683 304 secut·
694 263 762 311 sunt.
777 259 846 306 semo

70 328 218 377 interlicere.
232 325 350 389 Tempora
365 325 465 388 quidem
477 325 559 386 qualia
570 324 620 372 sint
633 324 664 372 ad
679 327 843 386 parricidium

71 400 158 449 electa.
171 396 238 446 rides
252 413 257 444 :
272 398 350 452 lustra,
366 394 481 445 convivii.
494 395 683 443 comissationis.
695 397 775 452 Quint
789 398 846 447 dies

71 467 171 533 qualis‘.>
185 482 234 529 quo
252 467 372 516 lustratus
387 466 519 521 exercitus,
534 478 583 526 quo
596 465 663 514 inter
674 466 779 516 divisam
794 468 845 517 ric·

71 539 158 586 timam
172 538 215 599 (5),
231 538 341 600 praelatis
358 536 480 592 omnium,
496 535 538 597 qui
551 538 751 598 unquentum,
765 541 844 589 blaca-

71 608 152 659 douiae
165 622 254 669 regum
268 608 346 657 armis
358 606 446 668 regiis,
456 607 506 654 duo
516 606 561 654 soli
574 615 617 656 tua
631 615 743 671 tegentes
754 611 844 669 latera,

71 685 151 743 pater,
172 678 286 740 praevecti
310 691 413 732 sumus,
434 683 460 725 et
486 683 598 725 secutum
624 685 662 728 est
682 680 844 730 llacedonum

72 763 170 811 agmen.
181 749 290 810 dcccco,
299 747 375 796 etiam
385 747 475 809 siquid
487 753 560 797 antea
569 748 725 798 admisissem
743 751 844 813 piaculo

72 820 186 885 dignum,
194 821 315 869 lustratus
326 826 351 868 et
360 819 471 880 expiatus
485 831 564 875 sacro,
575 823 630 867 tum
646 833 726 882 quum
737 822 846 871 maximo

72 890 100 941 itt
111 891 219 941 hostiam
238 889 322 938 itineri
341 895 426 937 nostro
441 888 621 938 circumdatam
636 889 744 941 intuens.
759 891 843 952 parri-

73 960 175 1017 cidium.
190 973 290 1013 venena,
311 958 407 1020 gladios
429 959 456 1007 in
473 958 673 1007 comissationcm
691 967 843 1022 praeparatos

72 1031 213 1083 volutabam
228 1030 253 1077 in
269 1029 352 1078 animo
366 1044 372 1078 :
392 1036 421 1077 ut
433 1029 525 1092 quibus
540 1030 574 1093 (o)
588 1030 644 1078 aliis
658 1031 750 1081 deinde
763 1035 843 1081 sacris

72 1100 263 1153 contaminatam
273 1099 340 1148 omni
352 1100 445 1148 sceiere
462 1105 569 1149 mentem
583 1100 727 1162 expiarem?

102 1171 148 1222 Sed
157 1185 237 1219 caecus
248 1170 397 1218 criminandi
408 1169 544 1232 cupiditate
557 1170 664 1227 animus,
681 1170 742 1220 dum
756 1173 844 1222 omnia

72 1250 185 1306 suspecta
197 1242 295 1290 et'dcerc
304 1241 366 1300 vult,
379 1240 446 1288 aliud
460 1241 509 1289 alio
522 1240 659 1289 contundit.
672 1241 742 1298 llam,
758 1242 780 1291 si
796 1257 841 1292 ve-

71 1326 138 1363 neno
152 1319 177 1362 te
190 1313 256 1362 inter
267 1323 362 1360 emnam
379 1311 467 1360 tollere
484 1310 562 1367 solui,
577 1310 639 1373 quid
657 1311 742 1360 miuus
757 1320 842 1375 aptum

72 1383 129 1439 luit,
144 1396 219 1445 quam
235 1382 355 1445 pertinaci
370 1381 507 1429 certamine
523 1385 549 1429 et
567 1393 692 1430 concursu
707 1381 803 1430 iratum
817 1389 842 1432 tc

72 1452 181 1503 efficere.
198 1460 226 1501 ut
243 1452 341 1510 merito,
362 1451 427 1500 sicut
445 1451 536 1508 fecisti,
556 1451 678 1502 invitatus
699 1454 730 1502 ad
746 1466 842 1503 coenam

72 1522 213 1573 abnueres?
228 1524 308 1580 Qtntm
320 1530 402 1570 autem
411 1522 490 1570 iratus
501 1535 627 1581 negasses,
640 1529 736 1579 utrum,
749 1529 778 1572 ut
788 1523 842 1585 pla·

72 1606 155 1644 canem
171 1600 203 1648 te,
219 1593 298 1641 danda
314 1606 387 1655 opera
403 1592 458 1646 tuit,
477 1598 504 1640 ut
523 1591 597 1640 aliam
618 1606 758 1655 quaererem
770 1608 842 1644 occa·

72 1670 177 1727 sionem,
189 1670 306 1732 quoniam
319 1669 395 1717 seruet
405 1680 526 1716 cenenum
542 1669 703 1729 paraveram?
713 1682 744 1716 an
753 1669 783 1718 ab
796 1671 842 1719 illo

72 1739 178 1790 consilio
190 1740 255 1789 velut
265 1738 455 1787 transiliendum
465 1737 496 1785 ad
508 1737 570 1785 illud
586 1738 642 1791 l'uit.
655 1744 684 1787 ut
693 1740 760 1788 ferro
771 1747 805 1793 tc.
817 1748 841 1788 ct

73 1810 176 1874 quidem
191 1824 220 1859 eo
233 1811 282 1868 dic,
298 1824 343 1872 pec
357 1809 463 1871 speciem
480 1808 670 1866 comissationis,
687 1811 842 1860 occiderem?

72 1975 99 1985 -
115 1952 136 1996 ⁵.
155 1952 220 1995 Inter
250 1950 350 1994 dinisam
376 1950 442 1992 cirti·
471 1948 841 1995 «blacedonumceteramultitudo

71 2026 159 2057 num...
185 2013 242 2056 Voici
269 2013 288 2054 la
309 2014 441 2067 description
471 2012 576 2053 «claudit.
588 2012 662 2054 Latera
672 2013 731 2066 regis
745 2012 789 2055 duo
800 2014 839 2056 tilii

72 2087 116 2130 qua
125 2073 233 2117 Tite-Line
242 2074 313 2116 donna
323 2075 349 2116 de
359 2087 395 2115 ces
406 2073 441 2114 cc
471 2091 480 2111 ι
486 2074 579 2127 juvenes
593 2073 714 2127 cingebant.
733 2073 777 2116 llos
785 2083 840 2127 erat,

71 2136 190 2185 remouies.
206 2149 235 2178 au
252 2136 286 2177 cb.
303 2136 333 2178 6:
355 2135 440 2189 «Caput
471 2136 623 2178 «litati-ationis
649 2148 710 2178 sacro
738 2144 839 2191 peracto,

73 2197 153 2239 «canis
163 2197 240 2240 mediac
247 2199 342 2253 praecisa
350 2204 371 2239 ct
382 2198 442 2252 prior
470 2198 608 2238 «exercitum
618 2196 745 2247 clerumerc,
755 2204 777 2239 ct
785 2197 841 2240 diri-

73 2270 142 2314 ·pata
157 2259 184 2302 ad
198 2258 307 2308 dextmm,
321 2271 370 2300 cum
387 2259 442 2300 eatis
470 2270 522 2299 asos
532 2258 632 2300 bilariam
646 2259 701 2300 duas
717 2260 774 2301 acics
789 2272 841 2301 con·

72 2320 201 2375 «posterior
214 2319 241 2362 ad
255 2319 330 2362 lucam
348 2320 388 2360 viae
405 2332 442 2373 po-
469 2333 578 2363 «currere
596 2320 623 2359 ad
641 2320 782 2362 simulacrum
801 2334 841 2376 ptr·

73 2381 442 2424 unitur.lulerhaucdrrisantbo·
470 2393 542 2433 «gun.
560 2396 570 2418 ι
591 2404 617 2412 -
634 2381 655 2424 6.
678 2380 706 2424 ttt
722 2378 806 2435 quibua

72 2460 83 2482 ι
92 2443 158 2487 stiam
174 2445 240 2497 copiae
258 2448 345 2485 armatae
368 2443 444 2485 tradu-
469 2441 605 2496 captarem?
615 2442 749 2495 llemarquca
762 2442 782 2483 lo
791 2454 841 2496 pro·

72 2520 81 2537 ··
91 2512 179 2548 cuntur.
201 2505 348 2547 Praeleruntur
371 2506 441 2559 primo
469 2516 519 2545 nom
535 2504 674 2557 interrogatis
687 2502 771 2557 quibua
787 2504 841 2547 dana

73 2567 442 2620 «agurmiarmatnsigntnomntum
470 2565 839 2621 uuepltrasccommencautpararl.

74 2627 120 2671 aab
129 2626 205 2671 ultima
218 2628 302 2681 origine
312 2627 441 2670 llncmloniu
470 2629 497 2671 Le
508 2628 560 2671 latin
570 2634 591 2669 et
604 2627 626 2672 la
643 2638 697 2680 gtcc
711 2635 841 2684 pennatlent

77 2701 169 2745 tragum
178 2704 184 2733 ε
194 2690 273 2733 deinde
283 2702 321 2732 rex
336 2691 381 2744 ipse
391 2702 441 2731 cum
470 2703 505 2733 ces
515 2692 682 2732 constructione.
693 2690 723 2732 lci
731 2690 840 2733 'lita-Livet

81 2750 169 2795 ‹libeais
178 2752 278 2806 sequitur
290 2764 295 2794 z
305 2752 400 2806 proxima
409 2757 442 2793 cst
469 2752 673 2807 poulaitdireaussi
681 2752 840 2808 :quibuauliic

91 2812 442 2868 ngiacoboracustodesnuecor·
469 2812 552 2855 deinde
567 2812 672 2856 coeris...
687 2816 794 2854 mntem
810 2823 853 2852 eua-

90 2875 171 2930 poria:
198 2882 329 2931 postremum
363 2886 442 2931 agmen
469 2874 603 2932 picturus?
627 2871 680 2916 llne
707 2868 872 2912 construam

717 2966 753 3013 bil
