<?xml version="1.0" encoding="UTF-8"?>
<!DOCTYPE html PUBLIC "-//W3C//DTD XHTML 1.0 Transitional//EN"
    "http://www.w3.org/TR/xhtml1/DTD/xhtml1-transitional.dtd">
<html xmlns="http://www.w3.org/1999/xhtml" xml:lang="en" lang="en">
 <head>
  <title>
</title>
<meta http-equiv="Content-Type" content="text/html;charset=utf-8" />
  <meta name='ocr-system' content='tesseract 3.04.00' />
  <meta name='ocr-capabilities' content='ocr_page ocr_carea ocr_par ocr_line ocrx_word'/>
</head>
<body>
  <div class='ocr_page' id='page_1' title='image "./concionessiveor00unkngoog_0255.png"; bbox 0 0 1904 3216; ppageno 0'>
   <div class='ocr_carea' id='block_1_1' title="bbox 129 189 650 261">
    <p class='ocr_par' dir='ltr' id='par_1_1' title="bbox 129 189 650 261">
     <span class='ocr_line' id='line_1_1' title="bbox 129 189 650 261; baseline 0.006 -25"><span class='ocrx_word' id='word_1_1' title='bbox 129 189 175 237; x_wconf 73' lang='lat' dir='ltr'><strong>auo</strong></span> <span class='ocrx_word' id='word_1_2' title='bbox 436 190 596 240; x_wconf 77' lang='lat' dir='ltr'><strong>onrnouus</strong></span> <span class='ocrx_word' id='word_1_3' title='bbox 647 255 650 261; x_wconf 18' lang='grc' dir='ltr'>Ι</span> 
     </span>
    </p>
   </div>
   <div class='ocr_carea' id='block_1_2' title="bbox 125 303 904 1212">
    <p class='ocr_par' dir='ltr' id='par_1_2' title="bbox 126 303 904 918">
     <span class='ocr_line' id='line_1_2' title="bbox 160 303 899 368; baseline 0.008 -16"><span class='ocrx_word' id='word_1_4' title='bbox 160 303 233 352; x_wconf 81' lang='lat' dir='ltr'><strong>uobis</strong></span> <span class='ocrx_word' id='word_1_5' title='bbox 250 317 318 361; x_wconf 86' lang='lat' dir='ltr'><strong>vero,</strong></span> <span class='ocrx_word' id='word_1_6' title='bbox 337 304 435 353; x_wconf 90' lang='lat' dir='ltr'><strong>etiamsi</strong></span> <span class='ocrx_word' id='word_1_7' title='bbox 451 304 528 368; x_wconf 76' lang='lat' dir='ltr'><strong>Argos</strong></span> <span class='ocrx_word' id='word_1_8' title='bbox 540 319 586 355; x_wconf 91' lang='lat' dir='ltr'><strong>nec</strong></span> <span class='ocrx_word' id='word_1_9' title='bbox 601 318 708 368; x_wconf 75' lang='lat' dir='ltr'><strong>cepisses</strong></span> <span class='ocrx_word' id='word_1_10' title='bbox 721 320 766 368; x_wconf 89' lang='lat' dir='ltr'><strong>per</strong></span> <span class='ocrx_word' id='word_1_11' title='bbox 776 308 899 366; x_wconf 78' lang='lat' dir='ltr'><strong>fraudem,</strong></span> 
     </span>
     <span class='ocr_line' id='line_1_3' title="bbox 128 373 904 436; baseline 0.008 -15"><span class='ocrx_word' id='word_1_12' title='bbox 128 386 174 422; x_wconf 88' lang='lat' dir='ltr'><strong>neo</strong></span> <span class='ocrx_word' id='word_1_13' title='bbox 186 381 292 431; x_wconf 89' lang='lat' dir='ltr'><strong>teneres,</strong></span> <span class='ocrx_word' id='word_1_14' title='bbox 306 374 471 423; x_wconf 78' lang='lat' dir='ltr'>liberantibus</span> <span class='ocrx_word' id='word_1_15' title='bbox 483 388 580 424; x_wconf 91' lang='lat' dir='ltr'><strong>omnem</strong></span> <span class='ocrx_word' id='word_1_16' title='bbox 596 373 726 436; x_wconf 76' lang='lat' dir='ltr'><strong>Graeciam,</strong></span> <span class='ocrx_word' id='word_1_17' title='bbox 743 377 904 427; x_wconf 84' lang='lat' dir='ltr'><strong>Lacedaemon</strong></span> 
     </span>
     <span class='ocr_line' id='line_1_4' title="bbox 128 438 901 510; baseline 0.008 -20"><span class='ocrx_word' id='word_1_18' title='bbox 128 438 381 506; x_wconf 78' lang='lat' dir='ltr'><strong>ottoquevindicanda&#39;</strong></span> <span class='ocrx_word' id='word_1_19' title='bbox 395 445 420 493; x_wconf 95' lang='lat' dir='ltr'><strong>in</strong></span> <span class='ocrx_word' id='word_1_20' title='bbox 435 444 563 506; x_wconf 87' lang='lat' dir='ltr'><strong>antiquam</strong></span> <span class='ocrx_word' id='word_1_21' title='bbox 579 444 719 494; x_wconf 84' lang='lat' dir='ltr'><strong>libertatem</strong></span> <span class='ocrx_word' id='word_1_22' title='bbox 728 454 864 510; x_wconf 83' lang='lat' dir='ltr'><strong>eratatque</strong></span> <span class='ocrx_word' id='word_1_23' title='bbox 875 450 901 496; x_wconf 92' lang='lat' dir='ltr'><strong>in</strong></span> 
     </span>
     <span class='ocr_line' id='line_1_5' title="bbox 128 515 900 580; baseline 0.004 -17"><span class='ocrx_word' id='word_1_24' title='bbox 128 515 196 577; x_wconf 83' lang='lat' dir='ltr'><strong>leges</strong></span> <span class='ocrx_word' id='word_1_25' title='bbox 212 529 277 574; x_wconf 87' lang='lat' dir='ltr'><strong>suas,</strong></span> <span class='ocrx_word' id='word_1_26' title='bbox 292 529 398 576; x_wconf 90' lang='lat' dir='ltr'><strong>quarum</strong></span> <span class='ocrx_word' id='word_1_27' title='bbox 417 517 498 574; x_wconf 87' lang='lat' dir='ltr'><strong>modo,</strong></span> <span class='ocrx_word' id='word_1_28' title='bbox 518 523 636 579; x_wconf 87' lang='lat' dir='ltr'><strong>tauquam</strong></span> <span class='ocrx_word' id='word_1_29' title='bbox 657 517 762 565; x_wconf 82' lang='lat' dir='ltr'><strong>aemulus</strong></span> <span class='ocrx_word' id='word_1_30' title='bbox 786 519 900 580; x_wconf 80' lang='lat' dir='ltr'>Lycurgi,</span> 
     </span>
     <span class='ocr_line' id='line_1_6' title="bbox 127 585 902 650; baseline 0.005 -17"><span class='ocrx_word' id='word_1_31' title='bbox 127 585 281 635; x_wconf 83' lang='lat' dir='ltr'>mentionem</span> <span class='ocrx_word' id='word_1_32' title='bbox 291 586 380 635; x_wconf 77' lang='lat' dir='ltr'><strong>fecisti.</strong></span> <span class='ocrx_word' id='word_1_33' title='bbox 389 587 433 643; x_wconf 77' lang='lat' dir='ltr'><strong>hu,</strong></span> <span class='ocrx_word' id='word_1_34' title='bbox 441 593 470 636; x_wconf 89' lang='lat' dir='ltr'><strong>ut</strong></span> <span class='ocrx_word' id='word_1_35' title='bbox 480 587 511 635; x_wconf 89' lang='lat' dir='ltr'><strong>ab</strong></span> <span class='ocrx_word' id='word_1_36' title='bbox 522 585 590 635; x_wconf 86' lang='lat' dir='ltr'><strong>lasso</strong></span> <span class='ocrx_word' id='word_1_37' title='bbox 600 591 624 635; x_wconf 88' lang='lat' dir='ltr'><strong>et</strong></span> <span class='ocrx_word' id='word_1_38' title='bbox 634 587 756 649; x_wconf 77' lang='lat' dir='ltr'><strong>Bargyliis</strong></span> <span class='ocrx_word' id='word_1_39' title='bbox 768 587 802 650; x_wconf 80' lang='lat'><strong>(5)</strong></span> <span class='ocrx_word' id='word_1_40' title='bbox 814 590 902 650; x_wconf 82' lang='lat' dir='ltr'><strong>praesi-</strong></span> 
     </span>
     <span class='ocr_line' id='line_1_7' title="bbox 129 655 901 719; baseline 0.003 -15"><span class='ocrx_word' id='word_1_41' title='bbox 129 655 169 704; x_wconf 93' lang='lat' dir='ltr'><strong>dia</strong></span> <span class='ocrx_word' id='word_1_42' title='bbox 179 655 285 719; x_wconf 87' lang='lat' dir='ltr'><strong>Philippi</strong></span> <span class='ocrx_word' id='word_1_43' title='bbox 294 658 461 715; x_wconf 79' lang='lat' dir='ltr'><strong>deducantur,</strong></span> <span class='ocrx_word' id='word_1_44' title='bbox 471 671 537 706; x_wconf 91' lang='lat' dir='ltr'><strong>curae</strong></span> <span class='ocrx_word' id='word_1_45' title='bbox 549 656 675 706; x_wconf 83' lang='lat' dir='ltr'><strong>eritnobis</strong></span> <span class='ocrx_word' id='word_1_46' title='bbox 685 675 691 718; x_wconf 89' lang='lat'><strong>;</strong></span> <span class='ocrx_word' id='word_1_47' title='bbox 702 661 779 718; x_wconf 72' lang='lat' dir='ltr'><strong>Argos</strong></span> <span class='ocrx_word' id='word_1_48' title='bbox 788 663 813 705; x_wconf 86' lang='lat' dir='ltr'><strong>et</strong></span> <span class='ocrx_word' id='word_1_49' title='bbox 824 659 901 706; x_wconf 84' lang='lat' dir='ltr'><strong>hace-</strong></span> 
     </span>
     <span class='ocr_line' id='line_1_8' title="bbox 127 726 900 789; baseline 0.004 -15"><span class='ocrx_word' id='word_1_50' title='bbox 127 726 273 783; x_wconf 90' lang='lat' dir='ltr'><strong>daemonem,</strong></span> <span class='ocrx_word' id='word_1_51' title='bbox 294 727 356 776; x_wconf 86' lang='lat' dir='ltr'><strong>duas</strong></span> <span class='ocrx_word' id='word_1_52' title='bbox 383 727 534 777; x_wconf 87' lang='lat' dir='ltr'><strong>clarissimas</strong></span> <span class='ocrx_word' id='word_1_53' title='bbox 554 727 639 783; x_wconf 89' lang='lat' dir='ltr'><strong>urbes,</strong></span> <span class='ocrx_word' id='word_1_54' title='bbox 658 727 754 776; x_wconf 86' lang='lat' dir='ltr'><strong>lumina</strong></span> <span class='ocrx_word' id='word_1_55' title='bbox 775 730 900 789; x_wconf 85' lang='lat' dir='ltr'><strong>quondam</strong></span> 
     </span>
     <span class='ocr_line' id='line_1_9' title="bbox 128 793 899 859; baseline 0.005 -16"><span class='ocrx_word' id='word_1_56' title='bbox 128 793 236 849; x_wconf 75' lang='lat' dir='ltr'><strong>Graeciae.</strong></span> <span class='ocrx_word' id='word_1_57' title='bbox 258 799 305 846; x_wconf 91' lang='lat' dir='ltr'><strong>sub</strong></span> <span class='ocrx_word' id='word_1_58' title='bbox 327 797 432 858; x_wconf 90' lang='lat' dir='ltr'><strong>pedibus</strong></span> <span class='ocrx_word' id='word_1_59' title='bbox 451 797 503 846; x_wconf 91' lang='lat' dir='ltr'><strong>tuis</strong></span> <span class='ocrx_word' id='word_1_60' title='bbox 520 797 700 859; x_wconf 86' lang='lat' dir='ltr'><strong>relinquemus,</strong></span> <span class='ocrx_word' id='word_1_61' title='bbox 720 811 775 859; x_wconf 86' lang='lat' dir='ltr'><strong>quae</strong></span> <span class='ocrx_word' id='word_1_62' title='bbox 798 799 899 847; x_wconf 88' lang='lat' dir='ltr'><strong>titolum</strong></span> 
     </span>
     <span class='ocr_line' id='line_1_10' title="bbox 126 865 747 918; baseline 0.002 -5"><span class='ocrx_word' id='word_1_63' title='bbox 126 865 197 914; x_wconf 89' lang='lat' dir='ltr'><strong>nobis</strong></span> <span class='ocrx_word' id='word_1_64' title='bbox 208 866 319 916; x_wconf 83' lang='lat' dir='ltr'><strong>iiberatae</strong></span> <span class='ocrx_word' id='word_1_65' title='bbox 333 869 432 918; x_wconf 80' lang='lat' dir='ltr'><strong>Graeciae</strong></span> <span class='ocrx_word' id='word_1_66' title='bbox 444 869 579 917; x_wconf 81' lang='lat' dir='ltr'><strong>servientes</strong></span> <span class='ocrx_word' id='word_1_67' title='bbox 591 867 747 917; x_wconf 73' lang='lat' dir='ltr'><strong>deforment?</strong></span> 
     </span>
    </p>

    <p class='ocr_par' dir='ltr' id='par_1_3' title="bbox 125 938 900 1212">
     <span class='ocr_line' id='line_1_11' title="bbox 157 938 900 1001; baseline 0.007 -16"><span class='ocrx_word' id='word_1_68' title='bbox 157 939 189 986; x_wconf 76' lang='lat' dir='ltr'><strong>At</strong></span> <span class='ocrx_word' id='word_1_69' title='bbox 200 938 268 986; x_wconf 87' lang='lat' dir='ltr'><strong>enim</strong></span> <span class='ocrx_word' id='word_1_70' title='bbox 282 952 339 987; x_wconf 91' lang='lat' dir='ltr'><strong>cum</strong></span> <span class='ocrx_word' id='word_1_71' title='bbox 354 940 469 1001; x_wconf 83' lang='lat' dir='ltr'><strong>Philippo</strong></span> <span class='ocrx_word' id='word_1_72' title='bbox 482 939 564 1001; x_wconf 69' lang='lat' dir='ltr'><strong>Argiui</strong></span> <span class='ocrx_word' id='word_1_73' title='bbox 580 944 720 988; x_wconf 87' lang='lat' dir='ltr'><strong>senserunt.</strong></span> <span class='ocrx_word' id='word_1_74' title='bbox 741 939 900 990; x_wconf 82' lang='lat' dir='ltr'><strong>Remittitnus</strong></span> 
     </span>
     <span class='ocr_line' id='line_1_12' title="bbox 126 1005 900 1071; baseline 0.004 -16"><span class='ocrx_word' id='word_1_75' title='bbox 126 1005 173 1056; x_wconf 88' lang='lat' dir='ltr'><strong>hoc</strong></span> <span class='ocrx_word' id='word_1_76' title='bbox 183 1006 247 1056; x_wconf 90' lang='lat' dir='ltr'><strong>tibi:</strong></span> <span class='ocrx_word' id='word_1_77' title='bbox 264 1022 296 1056; x_wconf 89' lang='lat' dir='ltr'><strong>nc</strong></span> <span class='ocrx_word' id='word_1_78' title='bbox 309 1016 420 1058; x_wconf 87' lang='lat' dir='ltr'><strong>nostram</strong></span> <span class='ocrx_word' id='word_1_79' title='bbox 431 1009 510 1058; x_wconf 89' lang='lat' dir='ltr'><strong>vicem</strong></span> <span class='ocrx_word' id='word_1_80' title='bbox 522 1009 639 1058; x_wconf 86' lang='lat' dir='ltr'><strong>irascaris</strong></span> <span class='ocrx_word' id='word_1_81' title='bbox 652 1009 696 1071; x_wconf 75' lang='lat' dir='ltr'><strong>(d).</strong></span> <span class='ocrx_word' id='word_1_82' title='bbox 707 1009 772 1057; x_wconf 91' lang='lat' dir='ltr'><strong>Satis</strong></span> <span class='ocrx_word' id='word_1_83' title='bbox 784 1023 900 1071; x_wconf 89' lang='lat' dir='ltr'><strong>comper·</strong></span> 
     </span>
     <span class='ocr_line' id='line_1_13' title="bbox 125 1077 898 1140; baseline -0.001 -13"><span class='ocrx_word' id='word_1_84' title='bbox 125 1082 181 1127; x_wconf 85' lang='lat' dir='ltr'><strong>tum</strong></span> <span class='ocrx_word' id='word_1_85' title='bbox 196 1078 324 1139; x_wconf 90' lang='lat' dir='ltr'><strong>habemus,</strong></span> <span class='ocrx_word' id='word_1_86' title='bbox 338 1080 456 1137; x_wconf 88' lang='lat' dir='ltr'><strong>duorum,</strong></span> <span class='ocrx_word' id='word_1_87' title='bbox 466 1086 509 1128; x_wconf 90' lang='lat' dir='ltr'><strong>aut</strong></span> <span class='ocrx_word' id='word_1_88' title='bbox 519 1092 644 1127; x_wconf 91' lang='lat' dir='ltr'><strong>summum</strong></span> <span class='ocrx_word' id='word_1_89' title='bbox 655 1077 688 1140; x_wconf 78' lang='lat'><strong>(5)</strong></span> <span class='ocrx_word' id='word_1_90' title='bbox 702 1078 780 1126; x_wconf 88' lang='lat' dir='ltr'><strong>trium</strong></span> <span class='ocrx_word' id='word_1_91' title='bbox 789 1078 849 1126; x_wconf 88' lang='lat' dir='ltr'><strong>inea</strong></span> <span class='ocrx_word' id='word_1_92' title='bbox 862 1093 898 1136; x_wconf 88' lang='lat' dir='ltr'><strong>re,</strong></span> 
     </span>
     <span class='ocr_line' id='line_1_14' title="bbox 126 1148 900 1212; baseline 0 -16"><span class='ocrx_word' id='word_1_93' title='bbox 126 1161 177 1197; x_wconf 91' lang='lat' dir='ltr'><strong>non</strong></span> <span class='ocrx_word' id='word_1_94' title='bbox 186 1148 302 1207; x_wconf 88' lang='lat' dir='ltr'><strong>civitatis,</strong></span> <span class='ocrx_word' id='word_1_95' title='bbox 315 1150 412 1212; x_wconf 86' lang='lat' dir='ltr'><strong>cuipam</strong></span> <span class='ocrx_word' id='word_1_96' title='bbox 424 1163 478 1199; x_wconf 87' lang='lat' dir='ltr'><strong>esse</strong></span> <span class='ocrx_word' id='word_1_97' title='bbox 489 1163 496 1198; x_wconf 88' lang='lat'>:</span> <span class='ocrx_word' id='word_1_98' title='bbox 507 1155 567 1205; x_wconf 86' lang='lat' dir='ltr'><strong>tam,</strong></span> <span class='ocrx_word' id='word_1_99' title='bbox 576 1149 669 1201; x_wconf 82' lang='lat' dir='ltr'><strong>hercle,</strong></span> <span class='ocrx_word' id='word_1_100' title='bbox 678 1161 753 1209; x_wconf 86' lang='lat' dir='ltr'><strong>quam</strong></span> <span class='ocrx_word' id='word_1_101' title='bbox 764 1148 790 1195; x_wconf 94' lang='lat' dir='ltr'><strong>in</strong></span> <span class='ocrx_word' id='word_1_102' title='bbox 806 1153 829 1196; x_wconf 91' lang='lat' dir='ltr'><strong>te</strong></span> <span class='ocrx_word' id='word_1_103' title='bbox 839 1153 900 1196; x_wconf 85' lang='lat' dir='ltr'><strong>tuo-</strong></span> 
     </span>
    </p>
   </div>
   <div class='ocr_carea' id='block_1_3' title="bbox 49 1217 900 1281">
    <p class='ocr_par' dir='ltr' id='par_1_4' title="bbox 49 1217 900 1281">
     <span class='ocr_line' id='line_1_15' title="bbox 49 1217 900 1281; baseline 0.001 -15"><span class='ocrx_word' id='word_1_104' title='bbox 49 1273 52 1279; x_wconf 27' lang='lat'>.</span> <span class='ocrx_word' id='word_1_105' title='bbox 125 1231 175 1280; x_wconf 88' lang='lat' dir='ltr'><strong>que</strong></span> <span class='ocrx_word' id='word_1_106' title='bbox 193 1219 296 1281; x_wconf 85' lang='lat' dir='ltr'><strong>paesidio</strong></span> <span class='ocrx_word' id='word_1_107' title='bbox 311 1218 458 1268; x_wconf 87' lang='lat' dir='ltr'><strong>arcessendo</strong></span> <span class='ocrx_word' id='word_1_108' title='bbox 474 1218 666 1280; x_wconf 85' lang='lat' dir='ltr'><strong>accipiendoque</strong></span> <span class='ocrx_word' id='word_1_109' title='bbox 686 1217 712 1264; x_wconf 92' lang='lat' dir='ltr'><strong>in</strong></span> <span class='ocrx_word' id='word_1_110' title='bbox 731 1231 812 1265; x_wconf 85' lang='lat' dir='ltr'><strong>arcent</strong></span> <span class='ocrx_word' id='word_1_111' title='bbox 836 1217 900 1267; x_wconf 90' lang='lat' dir='ltr'><strong>nihil</strong></span> 
     </span>
    </p>
   </div>
   <div class='ocr_carea' id='block_1_4' title="bbox 125 1287 900 2051">
    <p class='ocr_par' dir='ltr' id='par_1_5' title="bbox 125 1287 900 1631">
     <span class='ocr_line' id='line_1_16' title="bbox 125 1287 900 1350; baseline -0.001 -13"><span class='ocrx_word' id='word_1_112' title='bbox 125 1301 180 1337; x_wconf 89' lang='lat' dir='ltr'><strong>esse</strong></span> <span class='ocrx_word' id='word_1_113' title='bbox 194 1289 294 1350; x_wconf 89' lang='lat' dir='ltr'><strong>publico</strong></span> <span class='ocrx_word' id='word_1_114' title='bbox 308 1289 412 1338; x_wconf 85' lang='lat' dir='ltr'><strong>consitio</strong></span> <span class='ocrx_word' id='word_1_115' title='bbox 432 1295 523 1338; x_wconf 88' lang='lat' dir='ltr'><strong>actum.</strong></span> <span class='ocrx_word' id='word_1_116' title='bbox 539 1288 664 1336; x_wconf 85' lang='lat' dir='ltr'><strong>Thessalos</strong></span> <span class='ocrx_word' id='word_1_117' title='bbox 681 1294 708 1334; x_wconf 91' lang='lat' dir='ltr'><strong>et</strong></span> <span class='ocrx_word' id='word_1_118' title='bbox 725 1287 861 1336; x_wconf 84' lang='lat' dir='ltr'><strong>Phocenses</strong></span> <span class='ocrx_word' id='word_1_119' title='bbox 874 1295 900 1337; x_wconf 92' lang='lat' dir='ltr'><strong>et</strong></span> 
     </span>
     <span class='ocr_line' id='line_1_17' title="bbox 126 1357 898 1420; baseline 0 -14"><span class='ocrx_word' id='word_1_120' title='bbox 126 1357 257 1407; x_wconf 83' lang='lat' dir='ltr'><strong>Locrenses</strong></span> <span class='ocrx_word' id='word_1_121' title='bbox 280 1373 399 1409; x_wconf 88' lang='lat' dir='ltr'><strong>consensu</strong></span> <span class='ocrx_word' id='word_1_122' title='bbox 421 1359 534 1407; x_wconf 89' lang='lat' dir='ltr'><strong>omnium</strong></span> <span class='ocrx_word' id='word_1_123' title='bbox 556 1359 650 1407; x_wconf 91' lang='lat' dir='ltr'><strong>scimus</strong></span> <span class='ocrx_word' id='word_1_124' title='bbox 664 1357 771 1418; x_wconf 86' lang='lat' dir='ltr'><strong>partium</strong></span> <span class='ocrx_word' id='word_1_125' title='bbox 791 1357 898 1420; x_wconf 86' lang='lat' dir='ltr'><strong>Philippi</strong></span> 
     </span>
     <span class='ocr_line' id='line_1_18' title="bbox 125 1425 898 1487; baseline -0.001 -12"><span class='ocrx_word' id='word_1_126' title='bbox 125 1428 215 1484; x_wconf 79' lang='lat' dir='ltr'><strong>suisse;</strong></span> <span class='ocrx_word' id='word_1_127' title='bbox 231 1437 381 1479; x_wconf 89' lang='lat' dir='ltr'><strong>tamencum</strong></span> <span class='ocrx_word' id='word_1_128' title='bbox 396 1436 479 1479; x_wconf 87' lang='lat' dir='ltr'><strong>cetera</strong></span> <span class='ocrx_word' id='word_1_129' title='bbox 493 1425 757 1487; x_wconf 72' lang='lat' dir='ltr'><strong>liberavimustiraecia.</strong></span> <span class='ocrx_word' id='word_1_130' title='bbox 767 1428 830 1481; x_wconf 81' lang='lat' dir='ltr'><strong>Quid</strong></span> <span class='ocrx_word' id='word_1_131' title='bbox 843 1439 898 1475; x_wconf 86' lang='lat' dir='ltr'><strong>tan-</strong></span> 
     </span>
     <span class='ocr_line' id='line_1_19' title="bbox 126 1497 897 1560; baseline -0.001 -13"><span class='ocrx_word' id='word_1_132' title='bbox 126 1498 183 1547; x_wconf 89' lang='lat' dir='ltr'><strong>dem</strong></span> <span class='ocrx_word' id='word_1_133' title='bbox 195 1512 279 1548; x_wconf 86' lang='lat' dir='ltr'><strong>censes</strong></span> <span class='ocrx_word' id='word_1_134' title='bbox 291 1500 317 1547; x_wconf 90' lang='lat' dir='ltr'><strong>in</strong></span> <span class='ocrx_word' id='word_1_135' title='bbox 329 1499 435 1560; x_wconf 78' lang='lat' dir='ltr'><strong>Argivis,</strong></span> <span class='ocrx_word' id='word_1_136' title='bbox 447 1499 491 1559; x_wconf 87' lang='lat' dir='ltr'><strong>qui</strong></span> <span class='ocrx_word' id='word_1_137' title='bbox 506 1499 614 1547; x_wconf 85' lang='lat' dir='ltr'><strong>insontes</strong></span> <span class='ocrx_word' id='word_1_138' title='bbox 625 1498 719 1559; x_wconf 88' lang='lat' dir='ltr'><strong>publici</strong></span> <span class='ocrx_word' id='word_1_139' title='bbox 730 1497 828 1546; x_wconf 85' lang='lat' dir='ltr'><strong>consilii</strong></span> <span class='ocrx_word' id='word_1_140' title='bbox 837 1499 897 1557; x_wconf 86' lang='lat' dir='ltr'><strong>sint,</strong></span> 
     </span>
     <span class='ocr_line' id='line_1_20' title="bbox 125 1568 299 1631; baseline 0.006 -17"><span class='ocrx_word' id='word_1_141' title='bbox 125 1568 234 1617; x_wconf 79' lang='lat' dir='ltr'><strong>facturos</strong></span> <span class='ocrx_word' id='word_1_142' title='bbox 249 1568 299 1631; x_wconf 55' lang='grc' dir='ltr'><strong>(θη</strong></span> 
     </span>
    </p>

    <p class='ocr_par' dir='ltr' id='par_1_6' title="bbox 125 1637 897 2051">
     <span class='ocr_line' id='line_1_21' title="bbox 157 1637 897 1699; baseline -0.001 -12"><span class='ocrx_word' id='word_1_143' title='bbox 157 1640 287 1688; x_wconf 87' lang='lat' dir='ltr'><strong>Servorum</strong></span> <span class='ocrx_word' id='word_1_144' title='bbox 292 1641 323 1689; x_wconf 89' lang='lat' dir='ltr'><strong>ad</strong></span> <span class='ocrx_word' id='word_1_145' title='bbox 331 1640 471 1689; x_wconf 86' lang='lat' dir='ltr'><strong>libertatem</strong></span> <span class='ocrx_word' id='word_1_146' title='bbox 480 1645 629 1692; x_wconf 83' lang='lat' dir='ltr'><strong>vocatorum,</strong></span> <span class='ocrx_word' id='word_1_147' title='bbox 639 1645 662 1686; x_wconf 88' lang='lat' dir='ltr'><strong>et</strong></span> <span class='ocrx_word' id='word_1_148' title='bbox 674 1637 804 1699; x_wconf 82' lang='lat' dir='ltr'><strong>egentibus</strong></span> <span class='ocrx_word' id='word_1_149' title='bbox 813 1638 897 1686; x_wconf 92' lang='lat' dir='ltr'><strong>homi·</strong></span> 
     </span>
     <span class='ocr_line' id='line_1_22' title="bbox 125 1707 897 1772; baseline 0.001 -16"><span class='ocrx_word' id='word_1_150' title='bbox 125 1709 200 1758; x_wconf 88' lang='lat' dir='ltr'><strong>nibus</strong></span> <span class='ocrx_word' id='word_1_151' title='bbox 214 1711 268 1772; x_wconf 84' lang='lat' dir='ltr'><strong>agri</strong></span> <span class='ocrx_word' id='word_1_152' title='bbox 274 1711 346 1759; x_wconf 87' lang='lat' dir='ltr'><strong>divisi</strong></span> <span class='ocrx_word' id='word_1_153' title='bbox 359 1711 463 1760; x_wconf 83' lang='lat' dir='ltr'><strong>crimina</strong></span> <span class='ocrx_word' id='word_1_154' title='bbox 473 1710 518 1758; x_wconf 88' lang='lat' dir='ltr'><strong>tibi</strong></span> <span class='ocrx_word' id='word_1_155' title='bbox 531 1708 605 1770; x_wconf 88' lang='lat' dir='ltr'><strong>objici</strong></span> <span class='ocrx_word' id='word_1_156' title='bbox 617 1708 723 1757; x_wconf 87' lang='lat' dir='ltr'><strong>dicebas.</strong></span> <span class='ocrx_word' id='word_1_157' title='bbox 732 1707 784 1756; x_wconf 79' lang='lat' dir='ltr'><strong>Non</strong></span> <span class='ocrx_word' id='word_1_158' title='bbox 795 1709 897 1770; x_wconf 86' lang='lat' dir='ltr'><strong>quidem</strong></span> 
     </span>
     <span class='ocr_line' id='line_1_23' title="bbox 126 1778 897 1841; baseline 0.003 -14"><span class='ocrx_word' id='word_1_159' title='bbox 126 1793 172 1829; x_wconf 86' lang='lat' dir='ltr'><strong>nec</strong></span> <span class='ocrx_word' id='word_1_160' title='bbox 182 1780 232 1841; x_wconf 88' lang='lat' dir='ltr'><strong>ipsa</strong></span> <span class='ocrx_word' id='word_1_161' title='bbox 245 1780 398 1829; x_wconf 90' lang='lat' dir='ltr'><strong>mediocria:</strong></span> <span class='ocrx_word' id='word_1_162' title='bbox 412 1780 454 1829; x_wconf 89' lang='lat' dir='ltr'><strong>sed</strong></span> <span class='ocrx_word' id='word_1_163' title='bbox 465 1779 526 1841; x_wconf 91' lang='lat' dir='ltr'><strong>quid</strong></span> <span class='ocrx_word' id='word_1_164' title='bbox 537 1778 655 1827; x_wconf 81' lang='lat' dir='ltr'><strong>istasunt</strong></span> <span class='ocrx_word' id='word_1_165' title='bbox 667 1792 717 1839; x_wconf 89' lang='lat' dir='ltr'><strong>prae</strong></span> <span class='ocrx_word' id='word_1_166' title='bbox 730 1779 761 1826; x_wconf 91' lang='lat' dir='ltr'><strong>iis</strong></span> <span class='ocrx_word' id='word_1_167' title='bbox 776 1791 832 1840; x_wconf 81' lang='lat' dir='ltr'><strong>quae</strong></span> <span class='ocrx_word' id='word_1_168' title='bbox 848 1785 897 1830; x_wconf 87' lang='lat' dir='ltr'><strong>ate</strong></span> 
     </span>
     <span class='ocr_line' id='line_1_24' title="bbox 125 1849 897 1913; baseline 0.001 -14"><span class='ocrx_word' id='word_1_169' title='bbox 125 1850 480 1913; x_wconf 85' lang='lat' dir='ltr'><strong>tuisquequotidiealiasuper</strong></span> <span class='ocrx_word' id='word_1_170' title='bbox 486 1849 651 1898; x_wconf 79' lang='lat' dir='ltr'><strong>aliasacinora</strong></span> <span class='ocrx_word' id='word_1_171' title='bbox 657 1849 782 1899; x_wconf 75' lang='lat' dir='ltr'><strong>eduntur?</strong></span> <span class='ocrx_word' id='word_1_172' title='bbox 797 1851 897 1908; x_wconf 79' lang='lat' dir='ltr'><strong>Exhibe,</strong></span> 
     </span>
     <span class='ocr_line' id='line_1_25' title="bbox 125 1919 895 1982; baseline 0.005 -15"><span class='ocrx_word' id='word_1_173' title='bbox 125 1919 214 1970; x_wconf 83' lang='lat' dir='ltr'><strong>exhibe</strong></span> <span class='ocrx_word' id='word_1_174' title='bbox 223 1921 328 1970; x_wconf 88' lang='lat' dir='ltr'><strong>liberam</strong></span> <span class='ocrx_word' id='word_1_175' title='bbox 339 1922 481 1970; x_wconf 90' lang='lat' dir='ltr'><strong>concionem</strong></span> <span class='ocrx_word' id='word_1_176' title='bbox 492 1921 529 1968; x_wconf 83' lang='lat' dir='ltr'><strong>vel</strong></span> <span class='ocrx_word' id='word_1_177' title='bbox 543 1920 617 1982; x_wconf 78' lang='lat' dir='ltr'><strong>Argis</strong></span> <span class='ocrx_word' id='word_1_178' title='bbox 626 1920 665 1968; x_wconf 86' lang='lat' dir='ltr'><strong>vel</strong></span> <span class='ocrx_word' id='word_1_179' title='bbox 680 1919 860 1978; x_wconf 86' lang='lat' dir='ltr'><strong>Lacedaemone,</strong></span> <span class='ocrx_word' id='word_1_180' title='bbox 874 1923 895 1971; x_wconf 90' lang='lat' dir='ltr'><strong>si</strong></span> 
     </span>
     <span class='ocr_line' id='line_1_26' title="bbox 126 1986 894 2051; baseline 0.007 -16"><span class='ocrx_word' id='word_1_181' title='bbox 126 1987 213 2036; x_wconf 87' lang='lat' dir='ltr'><strong>audire</strong></span> <span class='ocrx_word' id='word_1_182' title='bbox 219 1986 290 2050; x_wconf 82' lang='lat' dir='ltr'><strong>juvat</strong></span> <span class='ocrx_word' id='word_1_183' title='bbox 298 2003 354 2038; x_wconf 85' lang='lat' dir='ltr'><strong>vera</strong></span> <span class='ocrx_word' id='word_1_184' title='bbox 365 1988 543 2039; x_wconf 88' lang='lat' dir='ltr'><strong>dominationis</strong></span> <span class='ocrx_word' id='word_1_185' title='bbox 554 1989 769 2051; x_wconf 83' lang='lat' dir='ltr'><strong>impotentissimae</strong></span> <span class='ocrx_word' id='word_1_186' title='bbox 778 1990 894 2040; x_wconf 86' lang='lat' dir='ltr'><strong>crimina.</strong></span> 
     </span>
    </p>
   </div>
   <div class='ocr_carea' id='block_1_5' title="bbox 126 2057 896 2124">
    <p class='ocr_par' dir='ltr' id='par_1_7' title="bbox 126 2057 896 2124">
     <span class='ocr_line' id='line_1_27' title="bbox 126 2057 896 2124; baseline 0.005 -19"><span class='ocrx_word' id='word_1_187' title='bbox 126 2057 156 2105; x_wconf 90' lang='lat' dir='ltr'><strong>Ut</strong></span> <span class='ocrx_word' id='word_1_188' title='bbox 164 2057 247 2106; x_wconf 86' lang='lat' dir='ltr'><strong>omnia</strong></span> <span class='ocrx_word' id='word_1_189' title='bbox 255 2058 302 2107; x_wconf 91' lang='lat' dir='ltr'><strong>alia</strong></span> <span class='ocrx_word' id='word_1_190' title='bbox 312 2060 446 2108; x_wconf 86' lang='lat' dir='ltr'><strong>vetustiora</strong></span> <span class='ocrx_word' id='word_1_191' title='bbox 455 2060 576 2118; x_wconf 82' lang='lat' dir='ltr'><strong>omittam,</strong></span> <span class='ocrx_word' id='word_1_192' title='bbox 585 2073 660 2121; x_wconf 82' lang='lat' dir='ltr'><strong>quam</strong></span> <span class='ocrx_word' id='word_1_193' title='bbox 667 2060 759 2108; x_wconf 81' lang='lat' dir='ltr'><strong>caedem</strong></span> <span class='ocrx_word' id='word_1_194' title='bbox 771 2061 841 2122; x_wconf 71' lang='lat' dir='ltr'><strong>Argis</strong></span> <span class='ocrx_word' id='word_1_195' title='bbox 852 2061 896 2124; x_wconf 79' lang='grc'>(7),</span> 
     </span>
    </p>
   </div>
   <div class='ocr_carea' id='block_1_6' title="bbox 114 2161 896 2962">
    <p class='ocr_par' dir='ltr' id='par_1_8' title="bbox 114 2161 896 2962">
     <span class='ocr_line' id='line_1_28' title="bbox 126 2161 894 2222; baseline 0.003 -17"><span class='ocrx_word' id='word_1_196' title='bbox 126 2167 160 2205; x_wconf 84' lang='lat' dir='ltr'><strong>est</strong></span> <span class='ocrx_word' id='word_1_197' title='bbox 172 2161 265 2205; x_wconf 87' lang='lat' dir='ltr'><strong>absurde</strong></span> <span class='ocrx_word' id='word_1_198' title='bbox 282 2164 308 2206; x_wconf 85' lang='lat' dir='ltr'><strong>de</strong></span> <span class='ocrx_word' id='word_1_199' title='bbox 321 2165 409 2217; x_wconf 86' lang='lat' dir='ltr'><strong>joiudrc</strong></span> <span class='ocrx_word' id='word_1_200' title='bbox 426 2177 497 2220; x_wconf 85' lang='lat' dir='ltr'><strong>quom</strong></span> <span class='ocrx_word' id='word_1_201' title='bbox 524 2167 577 2208; x_wconf 86' lang='lat' dir='ltr'><strong>tien.</strong></span> <span class='ocrx_word' id='word_1_202' title='bbox 588 2189 615 2197; x_wconf 93' lang='lat'>-</span> <span class='ocrx_word' id='word_1_203' title='bbox 628 2166 648 2209; x_wconf 81' lang='lat'><strong>5.</strong></span> <span class='ocrx_word' id='word_1_204' title='bbox 659 2165 785 2216; x_wconf 83' lang='lat' dir='ltr'><strong>Summum,</strong></span> <span class='ocrx_word' id='word_1_205' title='bbox 798 2167 894 2222; x_wconf 77' lang='lat' dir='ltr'><strong>employe</strong></span> 
     </span>
     <span class='ocr_line' id='line_1_29' title="bbox 125 2225 894 2282; baseline 0.003 -14"><span class='ocrx_word' id='word_1_206' title='bbox 125 2225 256 2268; x_wconf 72' lang='lat' dir='ltr'><strong>sevissimo.</strong></span> <span class='ocrx_word' id='word_1_207' title='bbox 267 2226 339 2277; x_wconf 83' lang='lat' dir='ltr'><strong>Quum</strong></span> <span class='ocrx_word' id='word_1_208' title='bbox 356 2228 397 2281; x_wconf 81' lang='lat' dir='ltr'><strong>qni</strong></span> <span class='ocrx_word' id='word_1_209' title='bbox 414 2232 447 2269; x_wconf 84' lang='lat' dir='ltr'><strong>est</strong></span> <span class='ocrx_word' id='word_1_210' title='bbox 459 2228 496 2279; x_wconf 86' lang='lat' dir='ltr'><strong>ici,</strong></span> <span class='ocrx_word' id='word_1_211' title='bbox 524 2227 716 2276; x_wconf 86' lang='lat' dir='ltr'><strong>adverbialement,</strong></span> <span class='ocrx_word' id='word_1_212' title='bbox 727 2241 782 2282; x_wconf 91' lang='lat' dir='ltr'><strong>pour</strong></span> <span class='ocrx_word' id='word_1_213' title='bbox 791 2227 823 2270; x_wconf 87' lang='lat' dir='ltr'><strong>od</strong></span> <span class='ocrx_word' id='word_1_214' title='bbox 832 2241 894 2270; x_wconf 76' lang='lat' dir='ltr'><strong>stam-</strong></span> 
     </span>
     <span class='ocr_line' id='line_1_30' title="bbox 126 2288 894 2345; baseline 0.005 -17"><span class='ocrx_word' id='word_1_215' title='bbox 126 2298 211 2329; x_wconf 86' lang='lat' dir='ltr'><strong>comme</strong></span> <span class='ocrx_word' id='word_1_216' title='bbox 234 2289 371 2342; x_wconf 86' lang='lat' dir='ltr'><strong>quelquei&#39;ois</strong></span> <span class='ocrx_word' id='word_1_217' title='bbox 398 2288 496 2340; x_wconf 86' lang='lat' dir='ltr'><strong>ailleurs,</strong></span> <span class='ocrx_word' id='word_1_218' title='bbox 524 2301 594 2331; x_wconf 86' lang='lat' dir='ltr'><strong>mum.</strong></span> <span class='ocrx_word' id='word_1_219' title='bbox 611 2312 638 2321; x_wconf 94' lang='lat'><em>-</em></span> <span class='ocrx_word' id='word_1_220' title='bbox 656 2289 676 2332; x_wconf 86' lang='grc' dir='ltr'><strong>θ.</strong></span> <span class='ocrx_word' id='word_1_221' title='bbox 696 2290 724 2332; x_wconf 82' lang='lat' dir='ltr'><strong>ln</strong></span> <span class='ocrx_word' id='word_1_222' title='bbox 744 2290 836 2345; x_wconf 79' lang='lat' dir='ltr'><strong>Arpiois</strong></span> <span class='ocrx_word' id='word_1_223' title='bbox 857 2292 894 2344; x_wconf 84' lang='lat' dir='ltr'><strong>fa·</strong></span> 
     </span>
     <span class='ocr_line' id='line_1_31' title="bbox 125 2347 893 2406; baseline 0.007 -17"><span class='ocrx_word' id='word_1_224' title='bbox 125 2358 243 2402; x_wconf 75' lang='lat' dir='ltr'><strong>synonyme</strong></span> <span class='ocrx_word' id='word_1_225' title='bbox 260 2347 286 2390; x_wconf 90' lang='lat' dir='ltr'><strong>de</strong></span> <span class='ocrx_word' id='word_1_226' title='bbox 303 2348 497 2403; x_wconf 71' lang='lat' dir='ltr'><strong>quatiavoyezla</strong></span> <span class='ocrx_word' id='word_1_227' title='bbox 524 2353 615 2396; x_wconf 82' lang='lat' dir='ltr'><strong>oturoa:</strong></span> <span class='ocrx_word' id='word_1_228' title='bbox 633 2362 697 2406; x_wconf 76' lang='lat' dir='ltr'><strong>voyez</strong></span> <span class='ocrx_word' id='word_1_229' title='bbox 719 2352 739 2393; x_wconf 87' lang='lat' dir='ltr'><strong>la</strong></span> <span class='ocrx_word' id='word_1_230' title='bbox 761 2352 842 2394; x_wconf 61' lang='lat' dir='ltr'><strong>noted</strong></span> <span class='ocrx_word' id='word_1_231' title='bbox 863 2353 893 2394; x_wconf 91' lang='lat' dir='ltr'><strong>du</strong></span> 
     </span>
     <span class='ocr_line' id='line_1_32' title="bbox 126 2408 893 2464; baseline 0.008 -15"><span class='ocrx_word' id='word_1_232' title='bbox 126 2409 202 2450; x_wconf 83' lang='lat' dir='ltr'><strong>uote5</strong></span> <span class='ocrx_word' id='word_1_233' title='bbox 219 2409 248 2450; x_wconf 94' lang='lat' dir='ltr'><strong>du</strong></span> <span class='ocrx_word' id='word_1_234' title='bbox 267 2410 320 2452; x_wconf 80' lang='lat' dir='ltr'><strong>bisc.</strong></span> <span class='ocrx_word' id='word_1_235' title='bbox 338 2408 417 2452; x_wconf 79' lang='lat' dir='ltr'>CLXVI.</span> <span class='ocrx_word' id='word_1_236' title='bbox 435 2411 495 2454; x_wconf 75' lang='grc'><strong>-5,</strong></span> <span class='ocrx_word' id='word_1_237' title='bbox 524 2410 578 2453; x_wconf 87' lang='lat' dir='ltr'><strong>Disc.</strong></span> <span class='ocrx_word' id='word_1_238' title='bbox 604 2410 694 2454; x_wconf 76' lang='lat' dir='ltr'>CXXXV.</span> <span class='ocrx_word' id='word_1_239' title='bbox 722 2436 748 2443; x_wconf 84' lang='lat'>—</span> <span class='ocrx_word' id='word_1_240' title='bbox 775 2414 794 2455; x_wconf 82' lang='lat' dir='ltr'><strong>t.</strong></span> <span class='ocrx_word' id='word_1_241' title='bbox 821 2414 893 2464; x_wconf 72' lang='lat' dir='ltr'><strong>Qucum</strong></span> 
     </span>
     <span class='ocr_line' id='line_1_33' title="bbox 126 2468 893 2528; baseline 0.003 -16"><span class='ocrx_word' id='word_1_242' title='bbox 126 2468 212 2520; x_wconf 76' lang='lat' dir='ltr'><strong>Iussus,</strong></span> <span class='ocrx_word' id='word_1_243' title='bbox 223 2469 275 2511; x_wconf 84' lang='lat' dir='ltr'><strong>ville</strong></span> <span class='ocrx_word' id='word_1_244' title='bbox 284 2471 311 2512; x_wconf 90' lang='lat' dir='ltr'><strong>de</strong></span> <span class='ocrx_word' id='word_1_245' title='bbox 322 2469 495 2523; x_wconf 80' lang='lat' dir='ltr'><strong>l&#39;hsiebiiueure,</strong></span> <span class='ocrx_word' id='word_1_246' title='bbox 524 2473 847 2528; x_wconf 73' lang='lat' dir='ltr'><strong>caedcmAroia....Nabisavait</strong></span> <span class='ocrx_word' id='word_1_247' title='bbox 855 2473 893 2515; x_wconf 77' lang='lat' dir='ltr'><strong>fait</strong></span> 
     </span>
     <span class='ocr_line' id='line_1_34' title="bbox 127 2529 893 2589; baseline 0.009 -19"><span class='ocrx_word' id='word_1_248' title='bbox 127 2540 155 2571; x_wconf 86' lang='lat' dir='ltr'><strong>eu</strong></span> <span class='ocrx_word' id='word_1_249' title='bbox 165 2529 234 2580; x_wconf 83' lang='lat' dir='ltr'><strong>Caria,</strong></span> <span class='ocrx_word' id='word_1_250' title='bbox 245 2543 284 2572; x_wconf 90' lang='lat' dir='ltr'><strong>sur</strong></span> <span class='ocrx_word' id='word_1_251' title='bbox 300 2531 320 2573; x_wconf 93' lang='lat' dir='ltr'><strong>le</strong></span> <span class='ocrx_word' id='word_1_252' title='bbox 331 2530 388 2585; x_wconf 79' lang='lat' dir='ltr'><strong>golie</strong></span> <span class='ocrx_word' id='word_1_253' title='bbox 403 2531 495 2581; x_wconf 76' lang='lat' dir='ltr'><strong>lassior,</strong></span> <span class='ocrx_word' id='word_1_254' title='bbox 524 2541 573 2577; x_wconf 90' lang='lat' dir='ltr'><strong>tuer</strong></span> <span class='ocrx_word' id='word_1_255' title='bbox 582 2547 612 2578; x_wconf 85' lang='lat' dir='ltr'><strong>un</strong></span> <span class='ocrx_word' id='word_1_256' title='bbox 622 2537 704 2578; x_wconf 87' lang='lat' dir='ltr'><strong>certain</strong></span> <span class='ocrx_word' id='word_1_257' title='bbox 713 2536 802 2578; x_wconf 81' lang='lat' dir='ltr'><strong>notobre</strong></span> <span class='ocrx_word' id='word_1_258' title='bbox 812 2535 893 2589; x_wconf 76' lang='lat' dir='ltr'><strong>deJeu-</strong></span> 
     </span>
     <span class='ocr_line' id='line_1_35' title="bbox 126 2590 893 2653; baseline 0.007 -20"><span class='ocrx_word' id='word_1_259' title='bbox 126 2590 170 2644; x_wconf 78' lang='lat' dir='ltr'><strong>auj.</strong></span> <span class='ocrx_word' id='word_1_260' title='bbox 190 2593 254 2634; x_wconf 74' lang='lat' dir='ltr'><strong>daem</strong></span> <span class='ocrx_word' id='word_1_261' title='bbox 270 2592 357 2636; x_wconf 80' lang='lat' dir='ltr'><strong>Keleai.</strong></span> <span class='ocrx_word' id='word_1_262' title='bbox 372 2594 495 2649; x_wconf 70' lang='lat' dir='ltr'><strong>herpone,</strong></span> <span class='ocrx_word' id='word_1_263' title='bbox 524 2609 563 2638; x_wconf 91' lang='lat' dir='ltr'><strong>nes</strong></span> <span class='ocrx_word' id='word_1_264' title='bbox 572 2597 669 2651; x_wconf 79' lang='lat' dir='ltr'><strong>hrgiens,</strong></span> <span class='ocrx_word' id='word_1_265' title='bbox 686 2601 723 2653; x_wconf 84' lang='lat' dir='ltr'><strong>qui</strong></span> <span class='ocrx_word' id='word_1_266' title='bbox 734 2598 819 2639; x_wconf 84' lang='lat' dir='ltr'><strong>avaient</strong></span> <span class='ocrx_word' id='word_1_267' title='bbox 829 2610 893 2639; x_wconf 92' lang='lat' dir='ltr'><strong>cous-</strong></span> 
     </span>
     <span class='ocr_line' id='line_1_36' title="bbox 126 2652 893 2713; baseline 0.01 -20"><span class='ocrx_word' id='word_1_268' title='bbox 126 2652 274 2705; x_wconf 85' lang='lat' dir='ltr'><strong>viilevoisine,</strong></span> <span class='ocrx_word' id='word_1_269' title='bbox 281 2655 344 2697; x_wconf 87' lang='lat' dir='ltr'><strong>surlc</strong></span> <span class='ocrx_word' id='word_1_270' title='bbox 353 2658 422 2697; x_wconf 78' lang='lat' dir='ltr'><strong>meme</strong></span> <span class='ocrx_word' id='word_1_271' title='bbox 431 2656 495 2710; x_wconf 80' lang='lat' dir='ltr'><strong>guise.</strong></span> <span class='ocrx_word' id='word_1_272' title='bbox 524 2657 571 2713; x_wconf 74' lang='lat' dir='ltr'><strong>pire</strong></span> <span class='ocrx_word' id='word_1_273' title='bbox 580 2664 654 2701; x_wconf 84' lang='lat' dir='ltr'><strong>contre</strong></span> <span class='ocrx_word' id='word_1_274' title='bbox 668 2658 700 2701; x_wconf 84' lang='lat' dir='ltr'><strong>les</strong></span> <span class='ocrx_word' id='word_1_275' title='bbox 711 2658 893 2702; x_wconf 72' lang='lat' dir='ltr'><strong>Lucdddtnonicns</strong></span> 
     </span>
     <span class='ocr_line' id='line_1_37' title="bbox 126 2713 891 2776; baseline 0.009 -20"><span class='ocrx_word' id='word_1_276' title='bbox 126 2737 153 2745; x_wconf 94' lang='lat'>-</span> <span class='ocrx_word' id='word_1_277' title='bbox 162 2713 182 2756; x_wconf 76' lang='grc'><strong>4.</strong></span> <span class='ocrx_word' id='word_1_278' title='bbox 196 2715 227 2757; x_wconf 87' lang='lat' dir='ltr'><strong>Ne</strong></span> <span class='ocrx_word' id='word_1_279' title='bbox 243 2720 348 2758; x_wconf 83' lang='lat' dir='ltr'><strong>nostrum</strong></span> <span class='ocrx_word' id='word_1_280' title='bbox 358 2717 431 2760; x_wconf 81' lang='lat' dir='ltr'><strong>vicem</strong></span> <span class='ocrx_word' id='word_1_281' title='bbox 448 2717 497 2760; x_wconf 85' lang='lat' dir='ltr'><strong>iro·</strong></span> <span class='ocrx_word' id='word_1_282' title='bbox 524 2732 580 2774; x_wconf 87' lang='lat' dir='ltr'><strong>pour</strong></span> <span class='ocrx_word' id='word_1_283' title='bbox 589 2720 684 2763; x_wconf 76' lang='lat' dir='ltr'><strong>delirrer</strong></span> <span class='ocrx_word' id='word_1_284' title='bbox 695 2720 743 2763; x_wconf 86' lang='lat' dir='ltr'><strong>leur</strong></span> <span class='ocrx_word' id='word_1_285' title='bbox 752 2722 829 2775; x_wconf 86' lang='lat' dir='ltr'><strong>patrie,</strong></span> <span class='ocrx_word' id='word_1_286' title='bbox 844 2735 891 2776; x_wconf 73' lang='lat' dir='ltr'><strong>vop.</strong></span> 
     </span>
     <span class='ocr_line' id='line_1_38' title="bbox 126 2777 894 2833; baseline 0.012 -16"><span class='ocrx_word' id='word_1_287' title='bbox 126 2777 215 2818; x_wconf 83' lang='lat' dir='ltr'><strong>scuria:</strong></span> <span class='ocrx_word' id='word_1_288' title='bbox 225 2790 252 2819; x_wconf 88' lang='lat' dir='ltr'><strong>ne</strong></span> <span class='ocrx_word' id='word_1_289' title='bbox 268 2784 290 2820; x_wconf 89' lang='lat' dir='ltr'><strong>te</strong></span> <span class='ocrx_word' id='word_1_290' title='bbox 300 2786 355 2821; x_wconf 84' lang='lat' dir='ltr'><strong>mets</strong></span> <span class='ocrx_word' id='word_1_291' title='bbox 365 2792 403 2833; x_wconf 87' lang='lat' dir='ltr'><strong>pas</strong></span> <span class='ocrx_word' id='word_1_292' title='bbox 421 2792 448 2821; x_wconf 88' lang='lat' dir='ltr'><strong>eu</strong></span> <span class='ocrx_word' id='word_1_293' title='bbox 461 2793 497 2822; x_wconf 90' lang='lat' dir='ltr'><strong>co-</strong></span> <span class='ocrx_word' id='word_1_294' title='bbox 525 2781 545 2823; x_wconf 91' lang='lat' dir='ltr'><strong>lo</strong></span> <span class='ocrx_word' id='word_1_295' title='bbox 555 2781 588 2823; x_wconf 89' lang='lat' dir='ltr'><strong>ch.</strong></span> <span class='ocrx_word' id='word_1_296' title='bbox 599 2781 626 2824; x_wconf 74' lang='lat'><strong>25</strong></span> <span class='ocrx_word' id='word_1_297' title='bbox 636 2782 662 2825; x_wconf 89' lang='lat' dir='ltr'><strong>de</strong></span> <span class='ocrx_word' id='word_1_298' title='bbox 677 2782 792 2825; x_wconf 74' lang='lat' dir='ltr'><strong>Tite-Lite.</strong></span> <span class='ocrx_word' id='word_1_299' title='bbox 810 2784 825 2825; x_wconf 89' lang='lat' dir='ltr'><strong>il</strong></span> <span class='ocrx_word' id='word_1_300' title='bbox 837 2786 894 2826; x_wconf 81' lang='lat' dir='ltr'><strong>avait</strong></span> 
     </span>
     <span class='ocr_line' id='line_1_39' title="bbox 126 2837 895 2896; baseline 0.012 -18"><span class='ocrx_word' id='word_1_301' title='bbox 126 2837 170 2878; x_wconf 75' lang='lat' dir='ltr'><strong>iere</strong></span> <span class='ocrx_word' id='word_1_302' title='bbox 188 2850 215 2878; x_wconf 86' lang='lat' dir='ltr'><strong>en</strong></span> <span class='ocrx_word' id='word_1_303' title='bbox 231 2844 294 2881; x_wconf 88' lang='lat' dir='ltr'><strong>notre</strong></span> <span class='ocrx_word' id='word_1_304' title='bbox 308 2840 496 2895; x_wconf 82' lang='lat' dir='ltr'><strong>place:Philippe</strong></span> <span class='ocrx_word' id='word_1_305' title='bbox 524 2842 647 2896; x_wconf 60' lang='lat' dir='ltr'><strong>&amp;galement</strong></span> <span class='ocrx_word' id='word_1_306' title='bbox 671 2843 709 2886; x_wconf 82' lang='lat' dir='ltr'><strong>tait</strong></span> <span class='ocrx_word' id='word_1_307' title='bbox 729 2857 849 2886; x_wconf 81' lang='lat' dir='ltr'><strong>massacrur</strong></span> <span class='ocrx_word' id='word_1_308' title='bbox 867 2858 895 2887; x_wconf 87' lang='lat' dir='ltr'><strong>cn</strong></span> 
     </span>
     <span class='ocr_line' id='line_1_40' title="bbox 114 2895 896 2962; baseline 0.022 -28"><span class='ocrx_word' id='word_1_309' title='bbox 114 2895 170 2936; x_wconf 70' lang='lat' dir='ltr'><strong>etar&#39;t</strong></span> <span class='ocrx_word' id='word_1_310' title='bbox 184 2903 251 2941; x_wconf 78' lang='lat' dir='ltr'><strong>notro</strong></span> <span class='ocrx_word' id='word_1_311' title='bbox 265 2902 364 2954; x_wconf 71' lang='lat' dir='ltr'><strong>anaema,</strong></span> <span class='ocrx_word' id='word_1_312' title='bbox 384 2907 405 2945; x_wconf 86' lang='lat' dir='ltr'><strong>et</strong></span> <span class='ocrx_word' id='word_1_313' title='bbox 415 2914 460 2946; x_wconf 88' lang='lat' dir='ltr'><strong>nou</strong></span> <span class='ocrx_word' id='word_1_314' title='bbox 477 2903 497 2946; x_wconf 90' lang='lat' dir='ltr'><strong>lc</strong></span> <span class='ocrx_word' id='word_1_315' title='bbox 524 2905 599 2961; x_wconf 89' lang='lat' dir='ltr'><strong>prison</strong></span> <span class='ocrx_word' id='word_1_316' title='bbox 609 2907 896 2962; x_wconf 77' lang='lat' dir='ltr'><strong>quatre-vingtsjcuuosha-</strong></span> 
     </span>
    </p>
   </div>
   <div class='ocr_carea' id='block_1_7' title="bbox 0 0 956 3216">
    <p class='ocr_par' dir='ltr' id='par_1_9' title="bbox 0 0 956 3216">
     <span class='ocr_line' id='line_1_41' title="bbox 0 0 956 3216; baseline 0 0"><span class='ocrx_word' id='word_1_317' title='bbox 0 0 956 3216; x_wconf 95' lang='lat' dir='ltr'><strong> </strong></span> 
     </span>
    </p>
   </div>
  </div>
 </body>
</html>
