1904 3216
345 172 383 223 iix
399 171 467 223 tlvll
483 170 570 223 tirno
585 169 648 223 llll
848 171 870 221 tt

112 287 206 347 lem,ex
215 287 344 338 obsidione
360 302 409 338 ase
423 294 535 351 ereptum
549 300 599 337 non
609 286 675 336 ultra
685 286 791 346 sevisse,
803 298 877 348 mam

112 362 142 406 ut
151 355 262 416 legatum
271 370 329 405 eum
340 356 372 406 ad
385 358 523 407 exercitum
541 369 587 419 pro
602 353 703 405 consule
714 352 879 415 relinqueret.

112 424 144 473 Ι.
158 425 262 475 l'urium
272 426 399 476 Camillum
411 427 437 475 in
448 427 473 475 1.
485 425 570 484 Furin,
579 425 623 488 qui
636 431 775 487 contempta
784 438 828 472 sue
840 437 881 473 se-

112 502 214 547 nectute
224 504 250 546 et
261 498 417 554 auctoritate,
428 497 564 547 letissimo
571 510 627 546 cum
638 503 728 545 eventu
737 501 879 558 pugnasset,

112 569 252 618 nonsolum
259 569 286 618 in
295 569 428 632 presentia
436 569 592 618 moderatum
606 566 651 616 irtc
664 580 724 623 esse.
740 578 772 614 ne
784 566 885 627 quidde

111 639 207 701 college
219 651 290 688 secus
300 641 391 702 populo
402 644 447 689 aut
455 634 553 687 senatui
560 636 688 694 scriberet,
699 634 743 684 sed
755 648 834 696 quum
841 649 883 685 re-

112 709 235 767 vertisset,
250 710 405 772 potissimum
417 724 447 759 ex
462 707 570 757 tribunis
581 705 754 756 consularibus
766 707 882 758 habuisse

113 790 188 840 quem
206 791 237 827 ex
256 778 365 841 collegis,
386 777 485 842 optione
494 778 525 826 ab
540 782 627 826 senatu
648 778 712 832 dats,
726 775 821 825 socium
833 775 883 826 sihi

114 846 212 908 imperii
222 846 348 909 deligeret.
368 848 427 898 llam
440 847 524 910 populi
532 846 643 909 quidem,
658 858 734 907 penes
748 858 823 907 quem
836 861 883 909 po-

115 921 191 965 tosus
202 916 313 966 omnium
333 931 420 966 rerum
439 922 514 973 esset.
534 930 566 965 ne
579 915 642 964 iram
656 915 757 977 quidem
774 929 883 978 unquam

117 985 264 1036 atrociorem
279 987 355 1038 luisse
374 989 400 1036 in
416 987 516 1050 eosqui
534 985 675 1037 temeritate
692 994 767 1049 atque
786 986 883 1039 inscitia

115 1056 241 1106 exercitus
256 1058 405 1114 amisissent,
423 1071 497 1119 quam
513 1062 540 1104 ut
555 1055 660 1118 pecunia
679 1069 721 1105 cos
737 1056 883 1114 mulctaret;

114 1128 198 1190 capite
208 1127 371 1189 anquisitum,
384 1128 416 1177 oli
429 1141 484 1176 rem
500 1127 565 1176 hello
576 1126 641 1175 male
652 1133 755 1189 gestam,
765 1126 884 1189 deimpe-

114 1203 199 1246 retore
211 1198 282 1247 nullo
305 1199 337 1248 ad
357 1212 413 1247 eam
427 1198 493 1246 diem
513 1211 574 1247 esse.
595 1197 665 1248 liunc
680 1196 787 1246 ducibus
796 1196 884 1259 populi

115 1267 291 1330 Romanique
300 1282 332 1318 ne
340 1269 521 1333 victisquidem
533 1269 597 1317 bello
611 1268 647 1316 las
663 1267 748 1324 luerit,
761 1268 847 1328 virgas
859 1272 884 1318 el

115 1352 216 1388 secures
222 1338 356 1389 victoribus
363 1347 389 1389 et
393 1340 545 1403 justissimos
552 1340 648 1389 meritis
656 1339 795 1402 triumphos
805 1340 885 1389 inten-

115 1408 176 1458 tari.
186 1407 250 1463 Quid
264 1410 333 1459 euim
346 1412 447 1459 tandem
459 1424 591 1472 passurum
611 1409 688 1459 luisse
703 1410 784 1459 illium
800 1424 883 1468 suum,

116 1480 137 1528 si
148 1479 283 1528 exercitum
297 1481 427 1538 amisisset,
440 1481 462 1530 si
471 1482 552 1536 lusus,
566 1481 679 1542 stipatus,
691 1481 782 1530 castris
797 1487 887 1531 exutus

117 1549 217 1599 luisset?
227 1564 276 1612 quo
291 1550 358 1601 ultra
371 1551 434 1600 iram
453 1551 646 1614 violentiamque
666 1552 720 1614 ejus
730 1565 885 1602 excessuram

118 1619 203 1677 luisse,
223 1634 297 1683 quam
319 1630 345 1671 ut
361 1620 506 1672 verberaret
524 1622 687 1685 necaretque‘l
709 1623 786 1679 Quam
799 1636 886 1672 coure-

117 1688 191 1738 niens
201 1702 256 1738 esse
266 1697 366 1753 propter
377 1691 404 1747 0.
419 1691 520 1740 Fabium
531 1691 654 1740 civitatem
670 1691 697 1740 in
706 1691 799 1748 letitie,
812 1691 886 1742 uicto·

117 1759 165 1814 ric,
179 1759 400 1823 supplicationibus
412 1777 438 1810 ae
451 1762 661 1824 gratulationibus
677 1776 739 1819 esse,
751 1761 793 1824 [etl
816 1774 883 1817 eum,

118 1837 223 1894 propter
232 1844 306 1894 quem
319 1831 394 1881 deun
406 1833 508 1881 delubra
524 1839 631 1895 puteant,
642 1847 692 1882 arae
705 1831 832 1881 sacrificiis
845 1833 885 1880 lu·

119 1907 197 1958 ment,
208 1901 303 1948 honore
314 1900 347 1964 (l)
361 1901 431 1950 donis
445 1903 610 1957 cuinulenlur,
626 1901 745 1950 nudatum
758 1901 836 1963 virgis
847 1902 886 1950 la·

118 1971 200 2019 cereri
210 1969 237 2019 in
258 1981 388 2033 conspectu
402 1972 485 2035 populi
499 1973 612 2027 llonmni;
632 1972 770 2020 intuentem
789 1971 886 2034 Capito·

120 2040 183 2089 lium
200 2048 274 2102 atque
291 2055 371 2090 urcem
387 2045 493 2103 deosque
508 2043 538 2091 ab
556 2058 582 2092 se
597 2044 692 2091 duobus
707 2042 801 2104 proelns
818 2041 886 2091 haud

120 2110 212 2158 inistra
226 2108 368 2160 advocatosl
396 2111 448 2166 Quo
470 2112 493 2159 id
515 2113 597 2161 animo
614 2114 754 2168 exercitum,
775 2111 819 2175 qui
832 2111 887 2174 ejus

120 2181 198 2231 ductu
214 2181 379 2244 auspiciisque
397 2183 502 2245 vicisset,
515 2182 638 2231 laturum?
653 2196 727 2242 quem
743 2183 839 2231 luctum
859 2183 886 2232 in

121 2252 209 2301 cestris
224 2250 344 2309 Romanis,
354 2267 427 2315 quam
439 2253 550 2302 laetitiam
566 2254 630 2301 inter
638 2253 721 2301 hostes
729 2253 794 2302 lore!

148 2373 217 2418 ml.
233 2377 252 2417 l.
270 2374 367 2418 Honore.
383 2376 422 2418 Les
431 2378 493 2419 victi·
519 2373 887 2432 senommaionthonor,maisplttt

124 2444 200 2480 meoet
209 2443 269 2480 toute
276 2437 374 2480 oiirande
381 2439 493 2482 auxdieux
520 2437 829 2495 particulilretneutl'encens.
