1904 3216
41 241 43 246 ,
104 184 150 235 an
407 185 567 238 omrronns

104 313 158 350 rem
174 313 260 350 casum
271 313 372 364 paveam
390 301 423 365 (l)
436 301 474 366 (ut
491 301 536 364 qui
556 301 669 351 adversas
684 313 726 348 res
743 304 872 362 expertus,

104 381 181 432 quum
190 368 398 419 maximediscam
405 384 437 420 ne
446 371 566 420 secundas
578 369 680 433 quidem
689 369 774 419 minus
784 369 863 418 discri

104 439 180 488 minis
185 439 302 500 habere):
315 439 393 502 patris
405 445 430 489 et
442 446 543 490 senatus
554 446 579 489 et
590 438 669 501 ipsius
680 438 780 502 imperii
791 438 875 488 vicem

105 509 184 566 doleo,
196 508 218 556 si
236 508 309 558 nobis
327 514 370 558 aut
387 509 472 572 perire
482 510 557 559 hodie
569 523 669 560 necesse
680 513 727 568 est,
739 514 791 567 aut,
804 509 875 570 quod

102 591 173 640 aeque
183 579 249 640 apud
260 579 339 627 bonos
350 577 472 628 miserum
484 584 531 636 est,
543 578 665 628 occidere.
683 577 804 627 Solatium
815 591 875 640 pro-

102 648 163 698 ximi
173 655 255 698 motus
263 648 296 712 (ll
305 649 464 706 habebamus,
474 648 632 698 incruentam
640 649 730 699 Urbem
737 653 762 698 et
768 661 811 697 ree
818 646 875 697 sine

98 718 371 768 discordiatranslatas.
382 718 511 768 Provisum
519 719 649 782 adoptione
656 718 787 769 ridebatur
800 723 875 768 utne

102 795 159 852 post
170 789 269 839 Galbam
280 789 380 852 quidem
393 790 457 839 bello
468 791 536 839 locus
548 795 621 839 esset.

134 858 201 907 Nihil
212 859 332 920 arrogabo
350 859 413 908 mibi
431 859 567 909 nobilitatis
585 864 628 908 aut
639 858 776 917 molestie,
790 871 875 921 neque

102 929 170 978 enim
181 929 262 978 relatu
268 929 390 978 virtutum
400 930 425 978 in
438 930 621 993 comparatione
632 929 734 978 Othonis
746 941 811 991 opus
825 934 873 978 est.

101 999 171 1055 vitia,
183 999 275 1062 quibus
286 999 346 1048 solis
364 1000 494 1061 gloriatur,
505 1002 617 1050 evertere
637 999 782 1062 imperium,
795 998 874 1048 etiam

103 1083 182 1131 quum
193 1070 301 1119 amicum
312 1070 473 1133 Imperatoris
490 1077 582 1133 ageret.
595 1071 715 1119 llabitune
726 1074 753 1119 et
763 1069 873 1127 incessu,

104 1153 136 1187 an
147 1139 189 1188 illo
201 1139 316 1189 muliebri
328 1146 418 1190 ornatu
427 1147 567 1190 mereretm·
578 1137 730 1202 imperium?
741 1138 875 1188 Pelluntur

103 1208 194 1271 quibus
202 1207 234 1272 (ὅ)
245 1210 344 1259 luxuria
355 1210 461 1273 speciem
475 1209 630 1259 liberalitatis
642 1207 755 1270 imponit.
763 1208 876 1259 Perdere

100 1279 148 1328 iste
159 1280 228 1337 sciet,
241 1280 332 1330 donare
345 1281 445 1330 nesciet.
460 1280 651 1330 comessationes
660 1293 728 1329 nunc
736 1284 761 1328 et
769 1279 876 1329 femina-

100 1363 159 1398 rum
167 1354 244 1398 coetus
255 1348 434 1398 volvitanimo:
451 1350 663 1413 haecprincipatus
676 1348 778 1410 praemia
790 1354 873 1411 putat,

101 1434 208 1482 quorum
215 1419 291 1468 libido
299 1433 327 1468 ac
339 1420 449 1482 voluptas
457 1434 532 1483 penes
539 1419 622 1482 ipsum
629 1419 670 1475 sit,
677 1419 756 1467 rubor
763 1431 793 1467 ac
800 1419 878 1468 dede-

100 1504 145 1538 cus
156 1503 232 1550 penes
244 1503 345 1538 omnes:
358 1503 431 1539 nemo
443 1490 510 1540 enim
523 1503 632 1552 unquam
648 1487 783 1551 imperium
800 1489 862 1551 flagi

99 1558 136 1608 tio
148 1558 280 1620 quesitum
289 1559 361 1608 bonis
376 1559 472 1608 artibus
484 1559 602 1615 exercuit.
620 1558 718 1608 Galbam
733 1571 874 1608 consensus

99 1627 198 1689 generis
209 1627 321 1685 humani,
334 1642 374 1677 me
386 1628 467 1685 Galba,
480 1629 692 1678 consentientibus
702 1627 781 1685 vobis,
795 1628 875 1678 Gaesa-

98 1711 154 1749 rem
168 1697 237 1746 dixit.
250 1697 273 1746 Si
286 1699 425 1760 respublica
439 1707 464 1748 et
476 1704 575 1747 senatus
584 1704 609 1747 et
620 1699 726 1760 populus
737 1711 817 1747 vacua
828 1712 877 1748 no·

98 1767 169 1816 mina
180 1775 247 1825 sunt,
263 1774 353 1827 vestra,
367 1770 555 1823 commilitones
576 1768 678 1818 interest
693 1781 724 1816 ne
735 1766 876 1829 Imperato-

98 1848 152 1883 rem
163 1836 263 1898 pessimi
284 1837 382 1886 faciant.
403 1837 538 1900 legionum
551 1837 638 1885 seditio
650 1837 781 1885 adversum
793 1837 875 1886 duces

98 1919 157 1954 suos
169 1907 252 1955 audita
260 1914 297 1956 est
304 1908 452 1970 aliqnando:
463 1913 544 1956 vestra
557 1907 616 1955 fides
628 1907 741 1969 famaque
748 1905 827 1955 illaesa
840 1909 875 1956 ad

98 1976 165 2025 hamc
172 1977 237 2025 diem
247 1977 353 2034 mansit;
364 1985 389 2026 et
397 1979 459 2026 Nero
471 1990 569 2039 quoque
576 1990 619 2025 vos
631 1975 753 2033 destituit,
763 1988 817 2024 non
826 1990 874 2026 vos

98 2045 226 2096 Neronem.
246 2048 324 2097 llinus
339 2049 440 2110 triginta
453 2048 588 2108 translugae
600 2052 625 2096 et
645 2045 795 2102 desertores,⁴
805 2059 874 2108 quos

98 2118 268 2167 centurionem
287 2127 330 2168 aut
346 2119 476 2168 tribunum
488 2117 536 2166 sibi
555 2116 672 2178 eligentes
685 2128 758 2165 nemo
779 2116 873 2174 ferret,

97 2190 229 2254 imperium
244 2192 424 2255 assignabunt?
438 2190 566 2241 admittitis
581 2189 736 2251 exemplum?
747 2193 772 2237 et
786 2189 873 2251 quies

97 2263 173 2310 cendo
188 2277 316 2313 commune
332 2263 427 2312 crimen
443 2261 538 2311 tacitis?
552 2260 715 2310 Transcendet
727 2260 780 2308 haec
792 2260 874 2309 lieen-

97 2332 131 2382 tia
139 2334 166 2382 in
173 2335 328 2397 provincias:
338 2341 362 2384 et
369 2336 399 2384 ad
411 2347 457 2383 nos
470 2332 591 2381 scelerum
602 2333 691 2390 exitus,
708 2333 832 2381 bellorum
840 2336 874 2383 ad

123 2474 183 2518 xnlt.
200 2478 220 2520 1.
240 2477 347 2528 Paucum,
365 2474 465 2530 suppleez
491 2471 535 2515 Gla
552 2473 616 2516 lettre
635 2489 640 2515 z
659 2485 684 2516 ce
703 2471 784 2523 iut,en
803 2473 871 2527 erret,

96 2534 125 2578 ici
135 2535 212 2588 doleo,
223 2538 260 2593 qui
276 2539 337 2581 vient
349 2535 402 2579 bien
416 2536 465 2592 plus
493 2547 535 2578 aux
543 2542 617 2590 portes
626 2535 652 2579 de
662 2535 728 2577 Rome
742 2546 787 2590 que
800 2534 872 2581 Galba

95 2595 135 2638 bas
144 2599 208 2652 apres
217 2598 238 2642 le
247 2600 326 2642 second
334 2599 431 2642 membre
439 2599 465 2641 de
493 2595 516 2637 fit
524 2609 646 2640 massacrer
654 2597 703 2651 plus
712 2595 739 2639 cle
746 2600 796 2650 sept
804 2597 872 2642 mille

95 2659 181 2714 phrase.
192 2683 217 2692 -
230 2661 250 2703 2.
261 2659 365 2704 Proximi
383 2664 463 2711 motus,
492 2659 617 2714 soldatsqni
627 2659 707 2702 etaient
713 2658 822 2701 venuslui
829 2659 872 2703 de·

96 2717 116 2759 la
125 2717 209 2762 revelle
218 2719 257 2762 ala
268 2720 324 2763 suite
334 2722 361 2763 de
369 2720 463 2776 laquelle
491 2721 582 2764 munder
596 2721 616 2763 la
632 2719 784 2763 confirmation
799 2719 870 2765 d'une

94 2778 160 2820 Galba
184 2778 274 2821 succede
293 2781 305 2822 l
327 2781 405 2823 Neron.
425 2782 464 2824 Les
490 2783 568 2826 laveur
583 2782 609 2825 de
627 2783 704 2825 Neron.
722 2780 740 2822 ll
757 2781 871 2833 avait,du

89 2845 148 2884 mets
165 2839 315 2886 incruentam
330 2843 409 2888 llrbem
418 2843 464 2885 doi-
490 2851 556 2896 reste,
571 2845 629 2887 aussi
643 2844 683 2887 fait
694 2848 774 2886 mettre
784 2844 796 2885 l
806 2851 870 2891 mort

83 2908 134 2944 vent
145 2903 194 2947 etre
201 2904 254 2962 pris
263 2903 317 2950 bion
329 2905 469 2950 strictement
495 2903 534 2948 Ges
556 2905 657 2959 epopeus.
679 2925 703 2938 -
720 2902 755 2955 l„
765 2902 867 2960 Quibus,
