1904 3216
111 193 157 243 426
325 223 327 226 <
419 190 591 242 eatetenus,
629 188 648 232 ',

66 359 69 365 ,
112 309 161 358 erit
176 304 323 368 ¹consultare,
343 314 431 359 utrum
446 307 585 371 praevaleat,
602 305 667 370 quod
682 302 790 354 Arminii
808 316 882 361 uxor,

112 393 142 428 an
152 381 218 442 quod
233 395 261 430 ex
273 394 313 429 me
323 380 406 443 genita
420 385 466 429 est.

240 626 296 688 nx
312 625 449 674 nunno
464 626 502 675 11
521 585 758 674 numanum
839 687 846 707 .

480 834 518 884 Vll

113 955 326 1018 Capitinam
346 957 485 1008 Germanici
498 959 532 1008 ad
549 957 642 1008 Milites
662 972 728 1006 eoos.
747 955 812 1019 (L’an
830 953 884 1014 19.)

127 1102 249 1152 ‚imminente
255 1112 321 1152 pugna
330 1101 350 1155 in
359 1104 430 1154 Campo
440 1104 547 1143 Idistaviso
556 1105 652 1144 adversus
661 1102 808 1143 Germanossuh
817 1103 885 1156 mni·

112 1156 144 1183 nro
153 1147 253 1198 collectos.
262 1149 387 1186 Germanicus
397 1150 510 1188 concionem
522 1149 606 1188 miiitum
622 1153 679 1188 rorat
687 1153 709 1187 et
725 1158 770 1198 quae
785 1151 885 1198 sapientia

112 1201 195 1240 praevisa
204 1195 288 1240 aptaque
298 1192 333 1236 rei,
343 1192 434 1232 disserit:

143 1299 195 1348 Non
211 1315 309 1362 campos
327 1302 400 1352 modo
414 1302 489 1357 militi
507 1303 617 1351 Romano
631 1296 884 1359 adproeliumbonos‚

111 1371 162 1419 sed.
171 1371 192 1418 si
212 1371 277 1420 ratio
294 1373 366 1430 adsit,
385 1373 460 1422 siivas
473 1379 499 1425 et
513 1372 605 1422 saltus:
620 1383 666 1419 nee
679 1373 747 1419 enim
760 1370 885 1420 immensa

110 1440 274 1489 barbarorum
286 1448 364 1499 scuta,
378 1457 492 1492 enormes
510 1442 591 1492 hastas
609 1439 676 1489 inter
691 1447 793 1488 truncos
809 1442 886 1489 arbo-

111 1525 169 1558 rum
187 1518 212 1559 et
227 1517 299 1560 enata
315 1514 390 1562 humo
403 1513 510 1574 virgulta
530 1510 633 1574 perinde
649 1508 736 1558 haheri
752 1507 783 1570 (1)
807 1522 885 1570 quam

110 1581 160 1641 pila
169 1588 194 1628 et
202 1581 294 1641 gladios
302 1590 326 1630 et
336 1583 458 1632 inerentia
465 1582 565 1643 corpori
573 1579 691 1642 tegmina.
702 1579 839 1627 Denserent
847 1581 883 1644 (2)

112 1652 186 1706 ictus
194 1665 238 1699 ora
245 1654 407 1702 mucronibus
417 1658 558 1714 quaererent
568 1668 573 1698 :
583 1664 631 1699 non
640 1649 742 1698 ioricam
751 1647 884 1709 Germano,

111 1735 160 1769 non
171 1723 274 1782 galeam,
285 1737 317 1772 ne
333 1730 402 1773 scuta
414 1724 515 1786 quidem
528 1723 597 1771 ferro
610 1732 716 1769 nervove
725 1719 756 1782 (ὅ)
772 1719 884 1777 firmata,

112 1793 154 1842 seri
166 1793 288 1842 viminum
302 1801 390 1854 textus,
404 1795 448 1843 sed
461 1801 558 1852 tenues,
573 1793 668 1840 fucatas
680 1790 760 1837 colore
771 1789 884 1850 tabulas;

111 1864 217 1924 primam
226 1870 359 1927 utcumque
373 1865 453 1915 aciem
466 1867 597 1921 hastatum,
612 1861 702 1911 ceteris
715 1865 822 1922 praeusta
838 1868 885 1910 aut

110 1932 196 1982 brevia
210 1935 272 1982 tela:
285 1932 446 1996 jamcorpus‚
461 1941 489 1982 ut
508 1934 563 1982 visu
576 1938 674 1982 torvum
693 1937 717 1979 et
732 1930 762 1978 ad
779 1930 885 1980 brevem

112 2004 233 2064 impetum
242 2005 360 2060 validum,
369 2005 405 2055 sie
412 2006 482 2054 nulli
491 2005 621 2054 vulnerum
630 2001 749 2066 patientie
758 2017 763 2047 :
773 2000 827 2050 sine
836 2015 887 2063 pu-

112 2077 170 2125 dore
185 2074 281 2134 fiagitii,
302 2075 355 2123 sine
371 2090 429 2124 cura
453 2076 544 2124 dueum
568 2074 644 2130 abire,
665 2073 766 2133 iugere;
782 2071 886 2132 pavidos

38 2156 40 2160 “
112 2144 229 2198 adversis,
248 2144 314 2193 inter
334 2146 440 2194 secunda
458 2159 508 2193 non
525 2144 614 2201 divini,
633 2157 681 2191 non
702 2140 804 2191 humani
815 2141 887 2204 juris

112 2226 241 2261 memores.
254 2213 279 2262 Si
289 2214 361 2262 taedio
375 2214 471 2262 viarum
485 2229 513 2263 ae
529 2213 605 2262 maris
620 2214 695 2261 finem
711 2211 820 2272 cupiant,
835 2211 888 2262 hae

114 2284 166 2331 acie
176 2284 277 2343 parari:
295 2285 437 2345 propiorem
455 2285 507 2345 jam
521 2285 602 2334 Albim
613 2298 688 2346 quam
703 2284 824 2338 Rhenum,
839 2295 887 2332 ne·

112 2365 160 2413 que
172 2353 265 2401 bellum
277 2349 352 2410 ultra,
364 2353 436 2402 modo
454 2368 479 2402 se
488 2353 566 2415 patris
580 2353 715 2416 patruique
728 2351 759 2414 (1)
778 2350 886 2412 vestigia

111 2429 265 2484 prementem
277 2423 366 2474 iisdem
376 2424 402 2472 in
415 2424 491 2472 terris
499 2423 621 2473 victorem
635 2424 759 2473 sisterent.

140 2579 181 2624 VH.
202 2581 224 2622 1.
249 2580 335 2623 Haberi
358 2593 413 2636 pour
437 2584 486 2625 tra·
511 2579 886 2635 donnuiteenomeneuirpvepare

113 2640 183 2690 riori,
198 2642 246 2683 etre
263 2642 351 2684 mania:
366 2643 393 2685 de
411 2644 430 2686 li
442 2646 485 2686 iia·
510 2655 567 2699 pour
582 2643 702 2685 consoiider
716 2641 748 2684 ies
763 2641 886 2687 boueliers.

113 2701 176 2749 iiiia,
185 2703 299 2746 maniahie.
310 2729 329 2737 —
348 2705 367 2748 i.
378 2706 482 2748 Deneere.
511 2706 562 2748 -1,
571 2704 885 2761 Potrispatruique,iirusus

114 2764 221 2806 ancienne
232 2764 302 2808 forme
311 2778 368 2820 pour
377 2767 481 2810 densare·
511 2776 533 2812 et
540 2769 624 2815 iibere.
630 2771 667 2825 qui
676 2770 762 2813 avaient
769 2781 888 2812 comman-
933 2784 936 2789 ’

115 2847 141 2858 -
151 2826 173 2870 ὅ.
187 2826 280 2871 Neroua.
298 2828 314 2870 il
331 2831 401 2882 perait
419 2830 484 2885 qu'on
512 2829 601 2872 dedans
613 2829 644 2872 les
653 2830 736 2872 memes
748 2827 857 2876 contrees.
