1904 3216
117 199 167 252 bii
426 199 584 252 anulonis

117 315 243 369 ausimum
255 315 343 359 l'armee
354 314 422 358 doita
435 327 459 359 sa
471 313 541 370 gloirs
553 311 707 370 decompltter
715 311 736 356 la
748 312 850 363 vietolrs,
865 311 893 356 tle

123 377 342 482 :ffffissoffiggmi
350 375 440 430 barius;
450 387 476 418 es
486 386 536 419 sera
544 373 665 418 s'assureri
673 373 753 429 jamnis
761 372 783 415 la
794 371 893 415 soumis·

153 552 344 616 Magnitudinem
352 567 507 619 rerumquae
518 554 649 624 gessimus,
658 552 759 611 milites,
770 550 896 602 intuenti·

120 622 170 675 bus
176 623 254 680 vobis,
262 623 365 673 minime
374 623 513 674 mirumest
519 631 545 673 et
555 621 815 685 desiderium'quietis
823 627 850 672 et
857 635 896 670 sa·

122 694 233 744 tietatem
242 693 329 756 gloriae
337 707 476 744 occurrere.
487 693 517 743 llt
527 694 640 743 omittam
649 692 754 756 Illyrios,
763 691 896 749 Tribunos,

122 763 249 819 Boeotiam,
265 764 403 821 Thraciam,
422 765 543 826 Spartam,
557 764 665 818 Aobaeos,
687 762 896 826 Peloponnesum,

123 839 231 896 quorum
244 831 293 883 alia
311 833 388 883 duetu
402 847 466 892 meo,
481 833 530 883 alia
542 833 650 894 imperio
660 832 823 896 auspicioque
836 846 898 897 per·

120 903 223 953 domui:
233 916 289 954 eece
296 903 348 954 orsi
361 904 454 954 bellum
463 906 494 954 ab
508 905 670 966 Hellesponto,
681 902 762 961 lonas,
775 902 899 953 bolidem

120 973 225 1024 servitio
237 973 357 1023 barbariae
368 973 512 1036 impotentis
524 974 667 1031 exemimus,
679 973 783 1030 Cariam,
793 972 899 1036 Lydiam

124 1046 312 1108 cappadociam,
328 1046 469 1108 Phrygiam,
492 1044 692 1108 Paphlagoniam,
714 1043 897 1106 Pamphyliam,

122 1114 228 1171 Pisidas,
238 1114 360 1173 Ciliciam,
374 1116 478 1178 Syriam,
491 1115 632 1171 Phoenieen,
645 1113 794 1174 Armeniam,
814 1114 900 1165 Persi⁴

122 1182 189 1240 dem,
202 1184 291 1242 lledos,
307 1185 456 1235 Parthienen
465 1185 584 1234 habemus
594 1184 622 1233 in
643 1189 763 1247 potestate
781 1199 788 1231 ε
808 1184 899 1247 plures

124 1253 264 1314 provincias
274 1255 415 1316 complexus
427 1269 491 1315 sum,
504 1268 579 1316 quam
592 1253 634 1304 alii
650 1255 726 1304 urbes
736 1260 900 1318 ceper-amtet

123 1324 208 1374 neseio
221 1326 414 1374 anenumeranti
423 1326 486 1374 mihi
496 1326 609 1388 quaedam
616 1325 727 1387 ipsarum
735 1339 826 1376 rerum
831 1327 901 1377 mul·

126 1393 207 1443 titudo
223 1394 378 1444 subduxerit.
393 1395 478 1458 ltaque
491 1395 512 1443 si
529 1392 655 1443 crederem
668 1395 728 1444 satis
739 1400 836 1445 certam
842 1409 900 1447 esse

124 1464 305 1525 possessionem
316 1470 449 1520 terrarum,
463 1472 599 1527 quastanta
609 1465 899 1524 velocitatedomuimus,

122 1545 169 1595 ego
180 1547 247 1590 vero,
263 1533 363 1590 milites,
381 1535 411 1584 ad
424 1541 526 1596 penates
541 1548 618 1592 meos,
630 1535 662 1583 ad
678 1541 807 1598 parentem
824 1549 901 1586 soro·

124 1615 216 1665 resque
229 1610 255 1652 et
266 1611 361 1664 eeteros
372 1605 446 1662 eires,
459 1607 499 1655 vel
509 1607 674 1656 retinentibus
689 1607 767 1662 robis,
780 1620 900 1672 erumpe-

125 1685 188 1729 rem,
201 1679 231 1722 ut
241 1673 276 1722 ibi
290 1674 448 1736 potissimum
466 1682 536 1736 parta
548 1675 675 1725 vobiscum
690 1675 762 1725 laude
773 1681 800 1726 et
816 1678 901 1739 gloria

124 1743 232 1800 fruerer,
241 1744 286 1792 ubi
298 1757 343 1793 nos
359 1745 486 1794 uberrima
498 1746 608 1795 vietoriae
620 1747 722 1808 praemia
733 1753 898 1810 exspectant:

125 1814 241 1871 liberum,
254 1815 388 1876 coniugum
400 1822 578 1879 parentumque
587 1817 682 1874 latitia,
697 1831 752 1879 pax,
765 1818 900 1881 quies,re·

125 1896 183 1932 rum
190 1896 235 1945 per
245 1884 363 1932 virtutem
372 1891 499 1946 partarum
509 1899 596 1934 secura
605 1887 736 1947 possessio.
744 1886 899 1940 Sediuuouo

126 1959 152 2003 et
164 1953 194 2015 (si
205 1968 292 2003 verum
309 1955 382 2004 lateri
404 1954 527 2018 volumus)
546 1955 659 2017 precario
682 1956 797 2019 imperio,
814 1958 900 2010 adhue

124 2025 212 2086 jugum
219 2025 272 2086 ejus
278 2026 359 2086 rigida
367 2025 462 2075 eerviee
469 2027 633 2076 subeuntibus
643 2027 764 2085 barbaris,
775 2034 898 2094 tempore,

124 2095 225 2150 milites,
240 2109 302 2158 opus
314 2103 359 2152 est,
368 2096 427 2144 dum
433 2096 576 2145 mitioribus
584 2097 692 2158 ingeniis
703 2097 851 2150 imbuantur
862 2099 898 2166 (1)

125 2170 152 2214 et
158 2164 274 2213 alteratos
284 2166 384 2214 mollior
397 2167 548 2215 consuetudo
561 2169 719 2229 permulceat.
731 2168 827 2232 Fruges
833 2183 899 2231 quo

127 2247 175 2296 que
186 2235 353 2284 maturitatem
365 2242 456 2286 statuto
469 2243 579 2299 tempore
589 2246 729 2301 exspectant
738 2256 744 2286 :
752 2241 813 2290 adeo
820 2241 900 2292 etiam

31 2366 34 2371 ι
127 2302 170 2350 illa
183 2317 271 2353 sensus
293 2305 374 2354 omnis
388 2307 506 2368 expertia,
520 2313 602 2356 tamen
615 2323 660 2357 sua
678 2309 731 2370 lege
750 2309 898 2362 mitescunt.

128 2372 207 2429 Quid?
219 2373 321 2423 creditis
331 2381 368 2423 tot
377 2382 469 2437 gentes,
483 2377 585 2427 alterius
599 2378 705 2441 imperio
715 2392 743 2429 ac
752 2380 849 2431 nomini
859 2394 899 2433 as·

125 2449 218 2500 suetas,
235 2456 285 2491 nou
299 2444 384 2500 saeris,
397 2458 447 2494 nou
456 2446 577 2500 moribus,
590 2451 793 2500 noncommercio
802 2450 899 2513 limam

127 2512 256 2561 nobiscum
269 2515 428 2569 cohaerentes,
440 2515 526 2563 eodem
539 2517 625 2577 proelio
635 2518 740 2568 domitas
761 2533 826 2578 esse,
846 2535 899 2584 quo

127 2581 197 2630 victae
206 2582 282 2631 suut?
293 2583 384 2632 Vestris
391 2583 467 2632 armis
481 2586 649 2646 eontinentur,
658 2589 897 2654 nonsuismoribus,

152 2722 202 2768 XlV.
210 2725 230 2768 l.
240 2723 495 2780 Ingeniiaa‘mbuontsr,
523 2728 652 2781 suetudine,
666 2731 848 2786 ‘superstitionQ
858 2744 897 2776 re·

125 2789 251 2838 expression
266 2787 393 2839 siuguliere.
416 2787 446 2829 011
464 2789 496 2831 dit
523 2791 621 2846 lipione,
641 2793 750 2836 moribus.
769 2793 896 2851 lapmian

124 2845 230 2890 imbuere
251 2846 357 2889 oninium
374 2859 401 2888 oa
421 2849 495 2891 imbui
524 2863 550 2893 ne
561 2852 605 2895 doit
614 2865 652 2906 pas
661 2855 707 2897 etro
716 2856 762 2909 pris
769 2855 798 2899 iel
807 2856 862 2900 daus
871 2871 896 2902 sa

114 2907 241 2968 aliquare
251 2924 261 2956 .·
269 2909 439 2973 opinionibus,
449 2922 501 2956 con·
527 2913 818 2968 sieualieatlouprimitlreds
825 2920 896 2963 nolu·
