1904 3216
89 210 136 260 llll
396 209 556 262 onellbllts

460 361 496 412 KG

91 469 146 532 Cap.
168 469 207 519 50.
226 467 302 521 Verba
324 470 476 519 Hannibalis
499 470 535 520 ad
554 469 732 534 militonum
752 463 862 515 tenebat

284 543 404 592 immensa
425 544 527 609 Alpium
546 543 666 593 altitudo.

106 647 213 698 ¹llannibal.
223 657 313 686 ememus
320 647 407 693 Galliam,
413 649 437 686 ed
446 649 505 696 Alpes
514 650 636 697 pervenerat.
645 647 672 683 lte
680 643 754 699 quibua
762 642 861 696 trajicieu·

92 691 122 730 drs
131 693 251 738 cogitantem
260 701 369 742 eonvenere
383 691 441 738 legati
451 694 540 730 lloiorum
550 703 573 730 ex
584 692 644 736 ltalia,
654 701 689 743 qur
698 699 719 727 se
729 689 790 742 ¹(lueet
803 690 863 725 sture-

91 746 142 778 rum.
152 737 216 775 eouios
225 736 309 782 periculi
318 737 360 774 tore
368 736 493 774 allirmsrent.
507 739 598 775 ceterum
612 735 718 773 multitudo
728 735 767 785 iter
781 741 862 782 immen-

92 789 135 817 sum
149 780 247 828 Alpesque
263 781 373 830 metuebat:
384 780 451 828 itaque
463 781 564 822 Hannibal.
578 781 672 818 advocata
687 787 790 822 eonrrone,
808 784 862 813 varie

92 824 177 862 militum
185 825 252 860 versat
261 833 335 862 mimos
342 823 457 872 castigando
466 824 639 872 adhortandoque:

118 901 229 958 Ponrquoi
243 907 300 946 cette
313 907 401 946 terrem
410 905 473 958 apres
488 910 533 948 tunt
541 904 644 948 d'ardeur
652 914 708 958 pour
716 901 803 944 arrirer
813 900 861 953 jus·

91 965 157 1020 qu'au
168 964 268 1020 pierides
280 964 357 1020 Alpes?
374 985 402 996 —
415 967 456 1010 Les
468 967 532 1022 Alpes
547 979 575 1010 ne
592 971 642 1008 sont
656 965 717 1020 point
733 965 861 1006 iusurmou-

92 1026 169 1078 tables,
181 1032 204 1070 et
215 1025 243 1069 de
255 1025 333 1070 l'autre
351 1027 399 1071 eote
411 1034 444 1071 est
457 1027 541 1071 l'ltnlie.
556 1051 583 1060 -
598 1027 665 1082 Apris
678 1025 779 1080 Sagunto,
795 1037 835 1080 qus
849 1036 861 1066 n

92 1091 156 1135 couti
169 1091 219 1134 huit
227 1091 284 1134 mois
293 1091 320 1135 de
334 1096 432 1143 travaux,
442 1098 501 1134 reste
510 1092 578 1134 llome
587 1088 699 1145 emporte'e
706 1088 765 1143 iadis
778 1099 819 1144 par
827 1086 861 1130 les

92 1152 211 1196 Gauloisll
225 1150 272 1195 taut
283 1151 349 1196 ceder
357 1165 399 1196 aur
408 1153 511 1196 Romaim
519 1157 564 1195 tant
574 1151 653 1195 desole
665 1150 763 1200 usinum,
775 1160 806 1192 ou
816 1152 861 1191 ter*

93 1217 164 1260 miner
177 1215 199 1259 le
213 1227 301 1272 voyage.

124 1312 207 1362 llirari
214 1313 353 1375 se‘qulnem
364 1319 465 1375 pectora
471 1325 569 1375 semper
581 1310 704 1374 impavida
712 1324 802 1372 repens
811 1318 864 1362 ter·

92 1382 273 1439 rorinvaserit;
283 1378 327 1444 per
334 1388 370 1432 tot
377 1396 454 1432 annos
463 1382 588 1432 vincentes
595 1394 637 1431 eos
643 1380 862 1443 stipendialeoere,

93 1452 174 1514 n'eque
185 1459 241 1501 ante
252 1453 368 1515 Hispania
382 1453 524 1512 excessisse,
539 1455 615 1516 quam
628 1454 714 1502 o'mnes
727 1457 863 1517 gentesque

93 1528 118 1569 et
129 1528 204 1570 terro
221 1535 257 1571 eae
275 1536 336 1583 quus
350 1522 400 1573 duo
411 1522 507 1573 diversa
527 1522 607 1572 marin
623 1523 655 1585 ll)
672 1522 862 1583 amplectantur,

94 1590 334 1653 Carthaginiensium
346 1599 437 1643 essent.
452 1593 595 1654 indignatos
611 1590 701 1642 deinde
717 1592 793 1654 quod,
806 1594 864 1655 qui-

94 1674 201 1734 cumque
213 1662 350 1724 Saguntum
361 1664 523 1722 obsedissent,
537 1665 605 1713 velut
615 1664 647 1712 ob
654 1677 742 1712 noxam
750 1662 799 1713 sibi
806 1664 863 1714 deli

92 1728 232 1794 postularet
240 1734 345 1794 populus
354 1736 484 1784 Romanus.
494 1735 594 1784 iberum
601 1733 729 1796 trajecisse
735 1734 766 1782 ad
779 1734 865 1783 delen-

94 1802 246 1851 dumnornen
252 1804 722 1866 Romanorum,liberandnmqneorbem
727 1811 862 1854 terrarum.

94 1875 153 1922 lum
165 1873 258 1922 nemini
269 1874 351 1923 visum
362 1876 388 1924 id
402 1876 512 1938 longum,
525 1889 604 1939 quum
617 1875 647 1924 ab
660 1888 748 1924 occasu
760 1875 820 1924 solis
832 1875 865 1924 ad

95 1949 195 1992 exortus
206 1942 363 1994 intenderent
375 1944 424 1993 iter
440 1959 446 1991 :
460 1958 536 2001 nunc,
550 1948 681 2006 postquam
692 1941 771 1992 multo
784 1942 865 2005 majo-

94 2029 148 2064 rem
159 2020 254 2078 partem
265 2013 361 2064 itineris
368 2029 493 2065 emensam
505 2019 614 2070 cernant,
623 2013 767 2076 Pyrenaeum
774 2013 865 2064 saltum

95 2087 161 2134 inter
170 2085 335 2135 ferocissimas
346 2090 431 2148 gentes
442 2092 594 2148 superatum,
604 2083 757 2141 Rhodanum.
766 2088 864 2134 tantum

95 2170 200 2215 amnem,
219 2162 256 2205 tot
277 2155 390 2206 millibus
409 2155 533 2205 Gallorum
551 2154 749 2218 prohibentibus,
771 2154 864 2204 domita

94 2227 255 2289 etiamipsius
265 2227 414 2285 fluminisri,
422 2225 553 2288 trajectum
569 2226 610 2289 (t),
618 2226 644 2274 in
653 2224 865 2288 conspeetutlpes

95 2298 207 2353 habeant,
217 2310 324 2356 quarum
335 2297 438 2346 alterum
451 2297 516 2345 lutus
527 2295 605 2346 ltaliae
613 2295 660 2354 sit;
673 2295 701 2344 in
710 2294 772 2357 ipsis
785 2295 865 2357 portis

95 2367 205 2416 hostium
218 2366 332 2429 inligatos
343 2367 479 2416 subsistere
493 2380 499 2413 :
511 2365 573 2427 quid
587 2367 656 2428 tlpes
667 2364 735 2416 uliud
749 2378 803 2414 esse
811 2378 865 2415 cre·

96 2436 269 2499 dentes,quam
275 2438 397 2486 montium
402 2436 564 2486 altitudines?
571 2434 813 2499 Fingerentaltiores
818 2433 866 2498 ey-

96 2505 171 2552 renaei
175 2505 244 2567 jugis
254 2507 349 2555 :nullas
355 2509 464 2568 prolecto
469 2511 550 2555 terras
559 2506 649 2555 aoelum
654 2504 809 2568 contingere,
818 2517 864 2554 neo

97 2574 306 2638 inexsuperabiles
317 2577 425 2626 humano
439 2576 525 2637 generi
533 2590 595 2625 esse.
603 2574 673 2638 Alpes
680 2575 782 2637 quidem
789 2575 865 2624 habi·

98 2646 154 2703 tari,
169 2647 225 2704 coli,
238 2649 339 2710 gignere
353 2655 426 2711 atque
440 2647 506 2697 alere
515 2648 665 2704 animantem
676 2647 771 2710 pervias
779 2645 865 2710 paneis

123 2750 162 2794 XC.
173 2754 193 2795 l.
204 2752 251 2796 lluo
268 2752 361 2795 diuersa
381 2752 465 2803 mario,
494 2751 669 2795 lle'diterrrsnte.
687 2774 714 2782 —
732 2751 753 2794 2.
773 2750 865 2796 nbula·

99 2812 221 2856 denumers
234 2814 385 2869 siparbes‚ou
402 2827 468 2868 oppo-
494 2827 575 2857 aunt...
593 2814 738 2868 traiectum
761 2825 809 2868 roy.
832 2812 864 2855 les

93 2875 466 2929 siosleurtelleestlnsignilrcntion
494 2875 571 2918 details
586 2876 614 2919 de
630 2888 655 2918 ce
670 2885 759 2931 passage
775 2873 865 2917 difficile

83 2934 112 2975 da
129 2936 249 2996 diamur)
267 2953 277 2982 .·
294 2938 382 2984 l'Oeiun
401 2946 424 2983 et
446 2937 467 2982 la
495 2937 548 2982 dam
559 2947 602 2981 noe
621 2935 779 2988 Narrationes,
796 2933 864 2987 xllx.
