1904 3216
90 152 137 201 560
394 152 557 203 unitionis

120 265 215 327 vicisti,
224 281 276 327 rex,
290 267 464 331 magnitudine
472 282 560 318 rerum
570 281 622 318 non
632 268 716 318 hostes
727 268 813 327 modo,
822 269 866 318 sed

90 337 166 388 etiam
179 337 279 388 milites.
295 337 417 402 Quicquid
430 339 571 389 mortalitas
586 353 674 402 capere
687 345 796 402 poterat,
811 337 866 388 im-

89 406 221 470 plevimus.
234 407 346 458 Emensis
360 408 440 458 maria
458 415 588 472 terrasque
600 408 777 459 melius'uobis
786 422 866 472 quam

90 477 179 529 ineolu
194 477 279 529 omnia
298 485 355 528 nota
371 483 431 528 sunt
453 493 461 528 ε
482 483 552 541 paene
568 480 596 528 in
606 480 694 529 ultimo
708 479 798 529 mundi
814 479 867 530 line

90 548 259 599 consistimus.
272 548 384 598 lnalium
396 549 481 599 orbem
490 563 562 610 paras
570 550 615 608 ire,
628 556 654 599 et
662 549 760 599 Indiam
769 549 867 611 quaeris

90 617 380 681 ludisquoqueignotam
395 634 401 665 ε
412 618 478 667 inter
485 619 551 668 ieras
558 626 735 681 serpentesque
744 618 867 680 degentes

90 701 180 737 eruere
200 702 230 738 er
248 687 352 743 latebris
368 695 393 737 et
411 688 535 738 cultilibus
551 689 602 738 suis
616 689 717 752 expetis,
733 694 764 737 ut
779 688 864 751 plura,

90 770 166 819 quam
181 759 219 808 sol
229 758 306 814 videt,
320 758 421 808 victoria
433 759 533 808 lustres.
548 757 626 821 iligna
634 771 736 821 prorsus
744 758 866 820 cogitatio

89 827 173 877 animo
187 833 240 886 tuo,
251 828 295 877 sed
309 828 384 878 altior
394 834 489 878 nostro.
498 829 580 878 Virtus
591 829 662 879 enim
676 834 720 877 tua
727 841 830 892 semper
838 829 866 882 in

90 897 243 949 incremento
253 899 313 956 erit,
330 905 417 949 nostra
426 899 463 947 vis
474 899 524 961 jam
541 899 566 947 in
577 900 626 949 line
636 906 682 948 est.
698 900 800 949 Intuere
810 913 867 950 cor·

89 981 150 1030 pora
162 969 305 1031 exsanguia,
320 975 358 1018 tot
366 971 479 1032 perfossa
491 970 643 1027 vulneribus,
655 976 691 1019 tot
704 969 866 1020 cicatricibus

89 1038 174 1100 putria
190 1039 234 1102 (ll.
253 1040 309 1088 lam
320 1041 369 1089 tela
381 1040 482 1090 hebetia
497 1040 574 1090 sunt':
586 1041 639 1102 jam
650 1053 719 1089 arma
731 1040 865 1090 deficiunt.

67 1140 70 1147 -
89 1109 185 1158 Vestem
197 1109 324 1176 Persicam
332 1110 469 1168 induimus,
482 1111 542 1173 quia
556 1110 689 1161 domestica
699 1110 804 1159 subvehi
813 1125 866 1160 non

88 1185 171 1242 potest
190 1195 197 1228 :
219 1179 247 1228 in
272 1188 402 1230 externum
424 1181 632 1242 degeneravimus
656 1181 758 1229 cultum.
773 1181 864 1238 Quoto·

89 1251 178 1313 cuique
189 1251 267 1300 lorica
279 1251 333 1311 esti
342 1251 399 1315 quis
410 1265 502 1313 equum
514 1250 674 1302 hahetiiuhe
684 1249 774 1311 queri,
786 1264 866 1314 quam

88 1319 179 1369 multos
189 1320 253 1369 servi
264 1320 378 1382 ipsorum
390 1319 513 1382 persecuti
525 1320 585 1378 sint,
600 1319 660 1381 quid
671 1319 866 1384 cuiqueysuper·

88 1390 123 1452 sit
135 1405 164 1440 ex
177 1391 268 1453 praeda.
290 1393 405 1442 Omnium
415 1391 519 1441 victores
533 1391 646 1440 omnium
659 1391 745 1452 inopes
764 1403 864 1441 sumus.

88 1461 136 1510 llec
156 1461 254 1510 luxuria
278 1462 431 1518 laboramus,
454 1461 498 1511 sed
522 1461 589 1510 hello
613 1462 782 1523 instrumenta
803 1459 867 1511 belli

88 1531 297 1593 consumpsimus.
318 1531 387 1581 Hunc
400 1537 427 1580 tu
441 1531 638 1593 pulcherrimum
653 1529 799 1580 exercitum·
812 1543 867 1580 nu·

88 1600 147 1650 dum
158 1601 260 1662 objicies
268 1601 378 1650 belluis?
393 1616 500 1663 quarum
512 1610 542 1650 ut
554 1600 741 1650 multitudinem
755 1607 870 1662 augeant

87 1672 117 1719 de
133 1671 256 1720 industria
281 1671 392 1728 barbari,
412 1685 531 1733 magnum
548 1678 632 1720 tamen
651 1685 705 1719 esse
726 1683 865 1722 numerum

88 1741 163 1790 etiam
184 1756 213 1791 ex
234 1741 360 1791 mendacio
378 1741 500 1804 intelligo.
520 1741 609 1798 Quodsi
629 1742 710 1790 adhuc
728 1742 870 1800 penetrare

87 1812 114 1859 in
126 1812 222 1860 Indiam
233 1819 328 1861 certum
339 1817 385 1869 est,
400 1813 468 1874 regio
483 1827 497 1860 a
512 1811 614 1860 meridie
624 1812 708 1860 minus
720 1816 791 1858 vasta
806 1818 862 1871 est;

88 1895 138 1942 qua
151 1882 260 1938 subacta,
275 1882 359 1931 licebit
373 1883 506 1931 decurrere
523 1883 550 1931 iu
563 1882 625 1931 illud
639 1894 717 1942 mare,
726 1881 801 1945 *quod
816 1894 861 1932 re·

86 1948 133 1999 bus
145 1952 260 2000 humanis
270 1952 406 2001 terminum
417 1953 495 2002 voluit
505 1966 560 2001 esse
576 1959 674 2001 natura.
687 1950 735 1999 Cur
750 1951 864 2002 circuitu

86 2019 150 2082 petis
167 2021 283 2081 gloriam,
298 2035 353 2082 quaa
370 2021 401 2069 ad
416 2035 517 2070 manum
534 2020 612 2084 posita
626 2019 681 2070 esti
696 2020 741 2070 llic
759 2033 865 2084 quoqne

45 2140 48 2145 ,
87 2091 196 2137 occurrit
211 2093 329 2139 Oceanus.
354 2091 402 2141 Nisi
421 2091 499 2140 mavis
515 2103 610 2148 errare,
632 2088 791 2152 pervenimus
813 2104 865 2155 quo

87 2165 128 2207 tua
140 2161 241 2207 fortuna
257 2159 333 2210 ducit.
684 2190 686 2197 ι

109 2229 165 2278 llaec
180 2236 270 2285 tecum,
283 2243 358 2291 quam
370 2232 424 2278 sine
440 2236 535 2279 tecum
551 2231 598 2287 his,
614 2228 682 2292 loqui
695 2230 788 2287 maluiJ
812 2244 865 2280 nnn

86 2301 124 2347 uti
134 2300 225 2348 inirem
237 2300 422 2350 circumstantis
429 2302 551 2350 exercitus
562 2302 675 2362 gratiam,
686 2301 729 2350 sed
738 2306 867 2351 atrocem

86 2371 242 2433 loquentium
253 2372 346 2434 potius.
361 2386 435 2435 quam
446 2372 567 2434 gemitum
582 2371 798 2433 murmurantium
816 2386 866 2423 au-

86 2440 162 2490 dires.
489 2446 492 2451 ’

113 2577 190 2621 XXVll.
205 2581 225 2622 1.
242 2580 313 2622 Putre
322 2591 407 2634 corpus
425 2586 458 2622 est
485 2579 600 2624 cremnos
619 2582 693 2634 podtes
706 2580 726 2624 la
740 2582 817 2633 disent
837 2582 868 2628 de

86 2640 182 2696 l'opposi
203 2639 230 2683 de
252 2644 370 2693 nepetam,
390 2640 459 2684 robu-
485 2640 505 2683 la
519 2640 635 2684 vieillessc.
673 2702 676 2707 1
764 2691 767 2698 ,
