1904 3216
100 193 152 243 460
411 193 572 245 ouationes

105 307 292 364 admotussum,
299 314 408 364 octavus,
416 314 444 356 ut
451 306 585 369 imperium
592 308 688 360 obtines
702 327 708 357 ι
726 307 885 360 mediotem·

102 378 173 441 poris
190 384 287 427 tantum
298 378 422 426 honorum
436 384 511 440 etque
520 391 595 440 opum
607 379 635 427 in
647 393 687 428 me
697 376 844 437 cumulasti,
853 384 885 427 ut

12 492 15 497 .
105 446 169 495 nihil
177 445 291 495 felicitati
300 445 428 495 meaedesit
440 445 489 494 nisi
500 446 638 495 moderatio
643 446 705 508 ejus.
711 447 771 496 Utar
780 445 885 509 magnis

104 516 234 578 exemplis,
248 530 294 565 nec
309 530 370 565 meae
383 516 497 574 iortunae,
515 517 558 565 sed
571 524 629 566 tuae.
646 518 743 568 iberus
758 524 820 567 tuus
832 518 885 568 bu-

102 594 196 650 ¹gustus
210 587 239 634 ll.
260 587 374 649 Agrippae
389 586 545 648 Mytilenense
557 592 680 636 secretum
695 586 737 649 tl),
754 587 780 638 C.
797 587 885 639 llere-

105 659 158 707 uati
173 658 237 707 Urbe
252 657 306 720 ipsa
324 658 392 707 velut
408 657 570 720 peregrinum
588 657 666 706 otium
686 658 718 721 (l)
736 658 883 720 permisit:

103 740 214 789 quorum
223 726 287 775 alter
297 726 420 775 bellorum
432 727 523 781 socius,
538 726 601 774 alter
617 726 700 776 Romae
711 726 832 788 pluribus
846 729 886 778 la-

105 797 209 847 boribus
221 796 327 858 jactatus
344 797 425 859 ampla
435 796 544 859 quidem.
560 796 604 846 sed
614 811 661 859 pro
674 796 822 859 ingentibus
829 811 886 848 me-

104 867 164 917 ritis
177 866 280 929 praemia
293 873 445 929 acceperant.
453 867 503 929 ligo
512 867 647 929 quidaliud
658 867 838 917 munificentiae
846 868 884 932 (ὅ)
921 880 924 886 “

104 938 227 988 adbibere
238 937 309 999 potui
322 951 399 1000 quam
412 938 505 995 studia,
522 944 552 987 ut
568 938 606 988 sic
619 938 734 997 dixerim,
751 937 778 987 iu
789 939 886 989 umbra

104 1009 217 1065 educata,
239 1014 264 1057 et
282 1007 376 1070 quibus
391 1007 515 1058 claritudo
533 1007 611 1064 venit,
626 1008 691 1069 quod
702 1008 815 1070 jureutae
832 1016 886 1058 ture

106 1076 256 1127 rudimentis
269 1077 369 1126 affuisse
386 1077 482 1135 videor,
504 1076 598 1139 grande
613 1076 688 1139 hujus
699 1077 734 1125 rei
749 1077 886 1139 pretium?

53 1196 56 1201 ,
107 1155 132 1198 at
146 1155 175 1197 tu
188 1147 294 1210 gretiam
302 1147 457 1204 immensam,
468 1147 760 1211 innumerampecuniam
770 1147 886 1198 cucum-

105 1219 206 1274 dedisti,
217 1218 277 1267 adeo
291 1224 319 1266 ut
329 1218 551 1281 plerumqueintra
558 1232 599 1267 me
611 1219 666 1282 ipse
674 1218 781 1275 volvem,
796 1216 887 1280 ‹ligo-

40 1300 43 1307 ·
107 1304 148 1348 ne,
164 1290 275 1352 equestri
293 1295 320 1339 et
337 1291 483 1352 provinciali
504 1290 537 1355 (t)
559 1290 612 1340 loco
633 1297 714 1347 ortus,
731 1290 887 1352 proceribus

104 1361 217 1411 civitatis
233 1361 402 1410 annumeror‘l
427 1361 494 1412 inter
510 1361 605 1411 nobiles
622 1362 698 1423 longa
712 1361 804 1410 decora
814 1374 887 1425 prac-

106 1435 216 1482 lerentcs
227 1431 550 1481 novitasmeaenituit‘lubi
562 1438 599 1481 est
618 1431 766 1494 animusille
775 1431 888 1483 modicis

108 1504 253 1552 contentus?
265 1502 328 1550 tales
341 1501 426 1549 hortos
441 1500 556 1555 exstruit,
571 1508 595 1548 et
612 1515 656 1563 per
666 1503 718 1550 hoec
738 1500 887 1552 suburbana

106 1573 210 1624 incedit.
229 1578 254 1620 et
271 1571 347 1621 tantis
365 1585 483 1632 agrorum
501 1572 597 1634 spatiis,
609 1579 660 1622 tam
677 1573 725 1620 lato
737 1569 884 1636 ioeuore(5}

105 1644 225 1692 exuberat
242 1643 255 1683 ‘t
274 1658 285 1689 ι
308 1643 359 1691 Una
373 1642 483 1691 delensio
501 1641 620 1699 occurrit,
649 1640 715 1704 quod
730 1639 886 1693 muneribus

108 1712 160 1762 tuis
174 1712 251 1760 obniti
265 1725 316 1760 non
330 1711 413 1759 debui.

134 1871 220 1915 XXXIV.
236 1873 257 1913 1.
277 1871 353 1914 llarco
372 1870 480 1926 Aprippae
506 1869 606 1924 llrtilene
620 1868 670 1911 d'ou
684 1866 700 1909 il
709 1878 736 1908 ne
748 1865 886 1922 tutnppets

107 1934 255 1991 Mytilenense
281 1936 402 1975 secretum.
429 1950 440 1973 ι
463 1933 478 1974 ll
507 1931 574 1985 qu'uu
599 1928 683 1972 certain
711 1933 782 1981 temps
815 1926 885 1982 apres

108 1994 194 2039 existuit
203 2000 265 2035 entre
278 1992 398 2040 Marcellus,
409 2003 480 2035 neven
506 1993 527 2035 la
543 1999 601 2036 mort
621 1991 648 2034 de
664 1989 785 2033 lla-celtus.
795 2004 807 2028 ι
820 1989 886 2033 Βιψ-

109 2057 240 2110 d'luguste,
264 2055 344 2110 auquel
375 2053 479 2108 l'opiuiou
506 2055 571 2108 nous.
589 2076 616 2086 -
637 2052 658 2095 ἲ.
675 2051 752 2095 Otium
771 2050 886 2107 perrari-

105 2117 212 2174 publique
231 2117 252 2158 le
271 2117 376 2160 destiueit
396 2127 479 2157 comme
507 2127 569 2165 num,
581 2114 659 2159 c.-d·d.
674 2112 747 2157 olium
760 2110 809 2154 lale
820 2123 852 2155 ac
861 2112 885 2155 ei

108 2189 244 2225 successeur,
268 2183 290 2219 et
315 2177 414 2232 Agrippa,
440 2176 480 2230 qui
504 2190 611 2234 percpre,
630 2189 677 2220 non
695 2174 722 2218 in
740 2173 799 2220 llrbe
813 2176 883 2219 creet.

108 2239 185 2293 depuis
202 2244 249 2279 tant
262 2237 366 2280 d'euuees
380 2236 448 2280 tenait
458 2237 479 2280 le
507 2239 626 2283 Bellorum
639 2237 714 2280 eociue
723 2248 747 2278 se
757 2235 884 2291 rapported

106 2300 206 2354 premier
212 2311 267 2354 reug
273 2299 351 2355 aupres
358 2299 387 2341 du
396 2299 478 2354 prince,
507 2300 609 2354 Agrippa.
620 2297 705 2340 llecdue
714 2297 773 2339 erait
780 2294 817 2339 ete
830 2296 884 2351 pre-

108 2373 152 2403 uue
167 2359 253 2403 rivelite
271 2361 364 2403 secrete.
376 2362 478 2415 Auguste,
506 2361 538 2403 iet
553 2361 580 2403 de
597 2360 617 2420 la
633 2358 693 2400 ville.
710 2379 737 2388 -
750 2355 771 2400 ὅ.
787 2355 884 2411 Humill-

106 2434 164 2477 pour
172 2422 273 2477 eloigner
280 2428 329 2465 tout
336 2421 428 2476 sujetde
436 2421 480 2464 die-
506 2421 595 2470 centia,
611 2432 640 2462 eu
654 2418 718 2467 datii,
733 2422 808 2460 s.-eut.
826 2419 882 2461 ten.

107 2485 173 2527 eorde
197 2490 260 2526 entre
283 2482 339 2525 deux
361 2493 480 2537 personnes
506 2480 660 2534 L'explicution
678 2490 722 2534 que
735 2475 882 2531 j'ai-dounde

108 2546 161 2600 qu’il
178 2546 263 2595 aimait,
275 2545 299 2587 lit
316 2545 408 2599 Agrippa
427 2556 480 2598 gon·
507 2541 561 2583 (iaus
582 2552 634 2582 mou
651 2539 735 2582 edition
753 2537 780 2580 de
806 2535 882 2583 Tacite

108 2618 205 2650 rerneur
213 2604 240 2647 de
248 2605 317 2660 Syrie.
328 2605 380 2647 llais
394 2602 479 2647 colui-ci
507 2602 564 2644 n'est
578 2613 616 2655 pas
625 2613 685 2643 assez
699 2597 882 2645 necunde-t.

106 2667 202 2722 comprit
211 2666 414 2720 perlaitemeutque
425 2672 480 2707 cette
507 2661 661 2706 Prouinciali.
675 2660 775 2715 seneque
788 2659 882 2706 dicitu!

108 2729 200 2770 mission
209 2725 482 2780 u'etaitqu'uuexilhouo·
508 2726 519 2767 i
535 2725 641 2773 dordone,
656 2736 684 2766 en
699 2723 804 2777 depugne.
819 2747 849 2757 -
858 2725 882 2770 5,

108 2788 186 2831 table:
201 2788 216 2830 il
230 2788 298 2843 partit
311 2787 338 2830 de
354 2787 433 2836 Rome,
443 2799 481 2830 en·
509 2786 668 2840 incoronare,
679 2797 708 2827 en
716 2786 814 2840 quelque
822 2793 882 2832 sorte

109 2860 162 2904 coya
184 2861 219 2892 ses
237 2848 371 2892 lieuteuauts
390 2848 443 2891 dens
459 2848 481 2890 la
507 2849 597 2902 soenore
607 2859 634 2890 ec
648 2845 793 2897 latifundiis,
803 2847 882 2893 e.·l·d.

101 2911 221 2967 province,
231 2916 253 2956 et
267 2915 326 2955 reste
344 2908 483 2954 lui-memet
508 2909 623 2953 reditibus
639 2922 667 2952 ee
677 2908 773 2962 prediis
785 2909 883 2964 ampliu.
