1904 3216
131 231 177 280 192
434 231 597 282 otttrlonns

128 343 198 407 quod
213 343 281 407 passi
296 358 391 401 sumus,
401 349 430 393 ut
439 345 468 393 ad
479 345 594 394 ultimum
607 346 680 394 tidem
692 345 760 394 vobis
769 353 901 408 praestare-

131 428 189 463 mus
195 431 202 472 ;
213 421 297 464 tamen
304 430 332 464 ea
339 423 420 465 restra
429 416 519 465 merita
526 416 754 479 imperatorumque
762 421 902 466 vestrorum

22 542 25 549 Ι
106 536 107 541 ,
131 499 191 546 erga
201 486 764 542 nosluerunt,utnoscladiumnostrarumnon
773 487 901 550 poeniteat.

131 555 227 606 Bellum
238 562 339 618 propter
349 570 392 606 nos
401 557 545 620 susoepistis
555 573 562 605 τ
572 563 711 619 susceptum
725 565 847 620 quartum
861 558 904 606 de·

130 625 225 675 clinum
237 639 330 675 annum
345 633 394 676 tam
407 627 568 690 pertinaciter
578 628 675 690 geritis,
686 635 713 677 ut
725 641 790 690 saepe
799 628 829 676 ad
842 626 904 676 ulti-

132 709 201 744 mum
215 695 350 745 discrimen
360 703 386 744 et
396 696 443 758 ipsi
457 696 584 754 veneritis,
599 703 624 746 et
637 698 757 759 populum
771 695 903 758 Carthagi-

131 766 245 813 niensem
255 765 412 815 adduxeritis.
425 766 503 822 Quum
517 766 542 815 in
553 767 623 815 ltalia
633 773 683 816 tarn
694 773 765 816 atrox
774 767 867 816 bellum
878 773 903 816 et

132 834 292 883 Hannibalem
305 835 402 884 hostem
411 835 545 892 haberetis.
556 837 682 886 consulem
688 850 745 886 oum
756 836 903 886 exercituin

132 902 282 967 Hispaniam,
291 906 359 954 velut
368 906 399 954 ad
405 906 555 968 colligendas
561 906 680 968 reliquias
686 906 808 968 naufragii
814 907 901 969 nostri,

131 973 245 1024 misistis.
256 975 283 1024 P.
299 983 325 1024 et
334 977 377 1026 Cn.
389 976 504 1035 Cornelii,
519 991 547 1026 ex
564 976 654 1040 quoin
667 976 819 1040 provinciam
832 990 904 1026 rene-

131 1052 198 1103 rum,
207 1045 276 1094 nullo
282 1050 393 1109 tempore
404 1047 558 1106 destiterunt,
566 1048 696 1108 quaenobis
706 1046 822 1104 secunda,
833 1060 904 1107 quae·

129 1129 181 1179 que
191 1116 293 1166 adversa
300 1117 413 1166 hostibus
423 1117 515 1167 nostris
525 1124 614 1175 essent,
625 1117 717 1166 facere.
727 1117 782 1166 lam
791 1117 903 1166 omnium

131 1185 240 1248 primurn
251 1186 371 1248 oppidum
382 1187 453 1238 nohis
463 1187 642 1238 restituerunt:
655 1201 805 1250 peromnem
814 1188 903 1250 Hispa·

132 1256 200 1305 niam
215 1257 281 1308 eires
292 1265 390 1309 nostros
402 1259 570 1322 venumdatos,
585 1259 695 1308 dimissis
712 1259 755 1322 qui
768 1258 903 1320 conquire-

132 1336 195 1387 rent,
212 1344 240 1378 ex
255 1329 374 1380 servitute
385 1331 411 1380 in
421 1331 560 1381 libertatem
572 1331 743 1380 restituerunt.
759 1330 839 1387 Quum
849 1327 903 1390 jam

131 1412 209 1462 prope
218 1406 284 1450 esset
292 1407 320 1450 ut
333 1401 465 1462 optabilem
474 1416 503 1450 ex
512 1401 652 1450 miserrima
664 1402 788 1450 fortunam
798 1400 904 1448 hahere·

133 1483 197 1526 mus,
208 1469 235 1518 Ρ.
246 1469 319 1518 elliu.
329 1470 437 1519 Cornelii
447 1469 608 1531 imperatores
615 1470 692 1518 vestri
699 1471 904 1532 luctuosiusquo-

132 1555 180 1603 que
195 1540 268 1590 nohis
281 1556 356 1604 quam
369 1543 437 1591 rolris
454 1543 592 1604 perierunt.
607 1542 668 1591 Tum
680 1555 739 1591 vero
752 1541 784 1590 ad
802 1543 848 1590 lroe
862 1554 905 1590 re·

131 1611 205 1661 tracti
212 1625 242 1660 ex
254 1612 404 1662 distantibus
411 1612 503 1662 locisin
514 1613 598 1662 sedem
607 1613 733 1675 antiquam
746 1612 901 1672 videbamur,

132 1681 261 1731 utiterum
270 1681 417 1743 periremus,
430 1689 455 1731 et
462 1683 569 1732 alterum
578 1682 701 1731 excidium
714 1682 802 1744 patriae
811 1681 904 1730 videre·

132 1763 199 1809 mus;
209 1764 255 1800 nec
262 1750 293 1799 ad
299 1751 434 1814 perniciem
439 1759 548 1803 nostram
555 1752 753 1812 Carthaginiensi
762 1752 850 1813 utique
859 1758 904 1801 aut

131 1821 195 1870 duee
203 1829 246 1871 aut
256 1821 367 1871 exercitu
375 1837 437 1884 opus
446 1837 511 1879 esse;
524 1823 554 1872 ab
565 1822 681 1872 Turdulis
690 1823 724 1884 (l)
732 1836 785 1876 nos,
796 1823 904 1871 veterri-

132 1893 179 1941 mis
189 1891 309 1950 hostibus‚
318 1893 361 1956 qui
371 1893 469 1956 priores
480 1908 578 1957 quoque
590 1893 677 1942 excidii
687 1907 758 1944 causa
768 1893 839 1941 nobis
849 1894 904 1942 iue-

132 1969 198 2021 rant‚
205 1963 330 2026 exstingui
338 1977 410 2027 posse
419 1980 425 2009 :
434 1977 511 2025 quum
521 1978 551 2013 ex
559 1965 684 2025 insperato
691 1970 792 2025 repente
801 1963 904 2013 misistis

67 2081 69 2086 Α
133 2033 205 2082 nobis
214 2034 281 2082 hunc
292 2034 319 2082 Ρ.
337 2033 486 2096 Scipionem3
498 2048 580 2096 quem,
593 2033 780 2083 fortunatissimi
790 2035 904 2084 omniurn

133 2103 322 2165 Saguntinorum
332 2103 453 2161 ridemur,
464 2103 522 2166 quia
532 2104 658 2155 consulem
669 2104 823 2154 declaratum
835 2104 904 2156 ride·

132 2189 197 2232 mus,
209 2189 239 2225 ao
252 2175 343 2225 vidisse
355 2189 401 2224 nos
414 2175 508 2225 civibus
521 2176 615 2239 nostris
625 2175 795 2225 renuntiaturi
805 2189 902 2235 sumus;

133 2257 201 2306 spem
214 2258 313 2293 omnem
324 2245 478 2308 salutemque
489 2251 599 2295 nostram
613 2262 619 2293 z
635 2246 678 2307 qui
694 2259 772 2306 quum
782 2245 903 2308 plurimas

132 2314 241 2363 hostiurn
251 2322 387 2365 vestrorum
397 2315 501 2378 cepisset
511 2316 537 2365 in
550 2315 664 2377 llispania
678 2317 761 2372 urbes.
773 2316 865 2377 ubique
875 2332 904 2366 ex

133 2390 262 2447 captorum
267 2399 373 2435 numero
380 2393 491 2435 excretos
498 2386 645 2448 Saguntinos
651 2386 676 2433 in
682 2387 785 2447 patriam
791 2386 902 2445 remisir;

133 2461 256 2516 postremo
267 2455 450 2515 Turdetaniam,
460 2457 521 2506 adeo
528 2458 641 2507 infestam
651 2456 729 2510 nohis.
743 2463 769 2505 ut
779 2456 822 2503 illa
830 2465 904 2517 gente

133 2525 252 2574 incolumi
263 2532 331 2576 stare
345 2528 482 2587 Saguntum
492 2540 540 2575 non
549 2534 639 2590 posset.
651 2526 685 2575 ita
697 2525 762 2575 bello
771 2526 867 2582 aitlixit.
876 2535 904 2576 ut

133 2609 183 2644 non
192 2597 264 2646 modo
273 2598 345 2647 nobis
354 2597 426 2663 (absit
432 2600 504 2648 verbo
514 2598 606 2647 invidia
614 2599 641 2656 ll,
650 2610 681 2646 ne
690 2596 794 2660 posteris
803 2598 904 2659 quidem

134 2666 243 2715 timenda
257 2667 347 2718 nostris
360 2674 432 2718 asset.
448 2667 556 2717 lleletam
569 2669 657 2717 urbem
672 2667 797 2727 cernimus
806 2682 902 2728 eorum,

134 2748 243 2798 quorum
254 2736 281 2784 in
292 2738 399 2799 gratiam
409 2738 676 2800 Saguntumdelererat
684 2738 802 2786 Hannibal
814 2755 819 2785 :
831 2740 904 2788 recti·

158 2857 262 2904 emili.
283 2860 302 2902 l,
318 2859 426 2915 Turduli,
445 2872 508 2902 nom·
534 2859 587 2903 daus
609 2864 673 2902 notre
704 2857 864 2912 Narrationes,
882 2861 903 2905 la

114 2915 266 2960 mesnilleurs
273 2919 422 2974 lurdetani,·
430 2935 503 2981 noyez,
532 2921 605 2968 notess
616 2921 643 2967 da
652 2919 674 2965 la
682 2931 736 2978 pago
744 2920 778 2964 91.
