1904 3216
125 173 173 251 aso
434 200 593 251 omnones

158 315 291 365 Clementia
299 323 324 364 et
330 315 442 377 probitas
454 322 546 369 vostra,
555 313 673 370 Quirites,
683 312 775 375 quihus
784 317 899 374 percote·

127 399 168 436 ras
179 386 260 448 genus
265 387 375 435 maxumi
383 393 409 435 et
419 386 482 435 olari
492 386 560 443 estis,
569 386 717 447 plurumum
727 384 825 434 timoris
834 384 898 433 mihi

127 456 221 506 faciunt
231 456 362 506 advorsum
374 457 532 518 tyrannidem
547 457 571 504 t.
585 456 674 513 Sullae;
684 469 723 512 ne,
733 469 788 517 quae
797 454 844 517 ipsi
854 469 899 504 ne-

126 525 200 575 fanda
211 525 356 580 aestumatis,
372 539 400 574 ea
410 538 499 586 parum
514 525 636 574 credendo
648 525 679 574 de
688 524 744 573 aliis
756 524 899 574 circumve-

126 597 230 646 niamini
246 597 395 660 (praesertim
408 610 486 658 quom
492 597 530 646 illi
540 597 678 659 spesomnis
686 596 712 644 in
722 596 815 646 scelere
823 603 899 657 atque

127 668 228 730 perfidia
238 668 278 726 sit,
292 681 374 730 neque
384 681 411 717 se
424 667 499 718 aliter
512 674 596 717 tutum
607 673 688 730 putet,
703 681 778 730 quam
793 666 816 716 si
828 666 899 729 pejor

127 746 204 802 atque
220 739 385 790 intestabilior
398 739 430 802 (it
440 745 508 788 metu
520 736 604 788 rostro
618 738 705 799 suerit,
715 753 765 801 quo
779 738 899 801 captisli··

127 810 231 860 hortatis
241 823 327 858 curam
337 809 439 859 miseria
448 809 545 866 eximat)
555 823 562 868 ;
572 814 616 857 aut
623 809 644 857 si
654 809 899 871 provideritisinvi-

128 881 207 929 tandis
215 881 218 886 '
226 879 345 942 periculis
357 879 436 942 magis
450 893 525 942 quam
538 878 583 943 [in]
600 879 742 929 ulciscendo
753 879 898 929 teneamini.

61 946 76 987 Γ
127 951 249 1001 Satellites
259 951 361 1012 quidem
374 951 436 1013 eius,
454 950 568 999 homines
579 950 689 999 maxumi
702 950 819 1007 nominis,
828 957 900 1012 optu-

127 1021 175 1070 mis
183 1021 307 1083 majorum
315 1020 444 1084 exemplis,
452 1033 550 1082 nequeo
559 1020 617 1069 satis
629 1020 727 1079 mirari,
736 1021 780 1083 qui
789 1020 899 1069 domina·

127 1090 203 1140 tionis
218 1091 244 1139 in
253 1103 295 1140 ros
305 1089 434 1138 servitium
445 1103 519 1138 suum
535 1089 674 1138 mercedem
684 1089 744 1138 dant
758 1097 782 1139 et
797 1097 898 1139 utrum-

127 1173 176 1222 que
193 1159 225 1222 (2)
240 1172 285 1221 per
301 1157 420 1220 injuriam
440 1158 536 1207 malunt
552 1171 629 1220 quam
642 1166 744 1221 optumo
754 1159 811 1220 jure
824 1159 897 1209 liberi

126 1244 215 1292 agere;
231 1228 352 1295 praeclnra
367 1229 504 1278 Brutorum
514 1234 588 1291 atque
597 1229 754 1279 AEmiliorum
762 1238 788 1279 et
796 1231 901 1280 Lutatio

126 1313 184 1349 rum
199 1298 231 1363 (3)
241 1299 331 1361 proles,
346 1297 426 1360 geniti
440 1297 470 1345 ad
481 1311 519 1356 ea,
534 1311 591 1359 quae
605 1298 712 1361 maiores
723 1300 818 1348 virtute
826 1313 901 1362 pepe-

126 1383 196 1428 rere,
207 1369 387 1419 subvortundai
398 1368 458 1416 Nam
465 1368 526 1430 quid
534 1381 549 1416 a
558 1368 661 1432 Pyrrho,
669 1369 800 1419 Hannibale
806 1370 900 1434 Philip-

126 1453 207 1502 poque
218 1446 244 1488 et
256 1439 374 1487 Antiocho
384 1438 514 1487 defensum
528 1444 566 1486 est
585 1437 653 1487 aliud
666 1452 741 1501 quam
759 1438 860 1488 libertas
875 1446 901 1489 et

126 1523 178 1559 suae
188 1509 280 1571 cuique
293 1509 370 1565 sedes,
388 1522 437 1557 neu
452 1507 493 1558 cui
506 1507 556 1556 nisi
567 1507 664 1568 legibus
674 1507 833 1571 pareremus?
842 1507 901 1564 Quae

127 1587 216 1628 cuncta
225 1592 317 1628 scaevus
328 1578 375 1627 iste
389 1577 506 1627 Romulus
524 1578 554 1640 (t)
571 1579 642 1641 quasi
656 1578 687 1627 ab
703 1578 812 1628 externis
827 1585 900 1641 rapta

126 1654 203 1707 tenet,
217 1663 267 1698 non
281 1655 318 1697 tot
333 1649 486 1698 exercituum
502 1649 572 1696 clade
591 1662 671 1711 neque
681 1648 812 1699 consulum
828 1649 860 1712 (5)
875 1656 901 1699 et

127 1718 231 1767 aliorum
239 1717 464 1779 principumquos
475 1717 575 1765 fortuna
583 1717 642 1766 belii
655 1727 851 1780 consumpserat,
860 1732 900 1767 sa·

126 1787 209 1844 tintus
222 1788 265 1836 sed
278 1793 332 1835 tum
341 1787 476 1841 crudelior,
484 1800 559 1850 quom
569 1787 900 1850 plerosqueseoundaeresin

127 1857 313 1906 miserationem
323 1871 352 1905 ex
373 1856 410 1905 ira
421 1863 531 1905 vortunt.
560 1856 623 1912 Quin
637 1858 706 1907 solus
719 1856 832 1907 omnium
842 1864 899 1920 post

155 1997 205 2039 vrtl.
216 1999 237 2040 1.
254 1994 399 2040 Intestobilia
415 1994 499 2050 signifie
527 2002 607 2051 etque
623 1997 654 2039 les
670 1996 725 2040 deux
738 1997 826 2041 consuis
840 1997 899 2043 ‹tesi-

127 2069 269 2113 proprement
282 2057 340 2100 celui
350 2058 388 2112 qui
398 2057 453 2099 n’est
462 2069 499 2112 pas
527 2057 580 2111 gnos
606 2070 662 2112 pour
689 2059 772 2102 i'auuee
796 2061 899 2105 snivanro

128 2119 197 2160 admis
215 2131 298 2162 comme
316 2117 405 2162 temoin.
424 2117 462 2172 qui
478 2128 498 2164 a.
527 2120 611 2162 dtnient
629 2121 655 2162 n.
677 2122 755 2166 Junius
771 2123 859 2166 Brutus
877 2133 900 2166 et

127 2192 166 2234 par
185 2193 207 2222 sa
226 2180 335 2229 conduite,
355 2177 423 2233 per-du
440 2183 500 2220 toute
528 2180 647 2225 Mamercus
664 2183 772 2228 AEmilr'ua
797 2184 899 2240 Lepidus.

126 2241 253 2283 rondanee:
270 2249 293 2283 et
311 2240 337 2284 de
356 2241 384 2290 la.
399 2240 452 2282 dans
470 2250 501 2280 un
527 2265 555 2275 -
570 2243 591 2286 t.
612 2243 700 2287 Scatrae
718 2245 762 2288 iate
781 2245 900 2295 Romulus,

127 2313 177 2343 sens
194 2301 291 2356 general,
303 2313 334 2343 un
348 2301 434 2344 homme
451 2312 501 2342 sans
528 2315 552 2344 ce
562 2302 666 2345 Romulus
679 2304 772 2358 gauche.
784 2317 809 2347 oe
819 2304 901 2347 Romu·

127 2362 237 2410 honneur,
259 2375 290 2405 un
307 2363 396 2406 homme
411 2362 498 2405 ehonte.
526 2364 776 2410 lusdcontre·sens.ou
793 2365 871 2421 pluent,
881 2365 901 2408 si

127 2422 186 2465 lietu
204 2425 287 2473 oestro,
300 2423 375 2466 aad.
394 2427 456 2467 metu
473 2422 499 2464 in
526 2424 569 2467 l'on
579 2432 632 2480 peut
640 2427 696 2468 ainsi
706 2427 790 2481 parler,
800 2433 836 2469 cet
844 2427 901 2470 anti·

128 2485 190 2527 uobia
210 2485 319 2528 excitato.
333 2508 360 2517 --
374 2484 395 2529 ἢ.
407 2485 500 2530 Utrum·
527 2487 581 2542 pode
590 2487 741 2540 deRornulus;
753 2488 793 2543 qui
804 2494 901 2550 alentre·

128 2559 178 2601 que,
194 2548 272 2598 savoie,
281 2547 461 2590 dominationem
477 2546 503 2588 in
530 2550 582 2604 pris,
590 2547 794 2600 oommeRomulus,
802 2550 829 2593 de
839 2563 901 2594 cons·

128 2619 166 2650 voa
183 2616 205 2650 et
222 2610 345 2652 servitium
359 2621 434 2651 auum.
445 2609 499 2651 -5.
530 2610 708 2664 titueri'empire.
718 2611 852 2666 maisquil’a
862 2611 900 2655 do-

128 2669 263 2720 Brutorum,
282 2669 438 2721 AEmitiorum‚
455 2670 500 2713 Lu·
529 2672 591 2713 trnit.
611 2695 638 2702 —
655 2673 676 2714 5.
695 2671 735 2714 rra
753 2672 899 2717 conantum:

129 2730 249 2773 totiorum.
261 2731 355 2787 Lepidus
368 2744 454 2774 nomme
463 2745 499 2773 cos
526 2732 579 2774 ‹tans
589 2734 621 2775 les
626 2745 717 2786 guerres
723 2733 799 2775 civiles
809 2734 835 2775 de
842 2734 898 2789 Sylla

128 2790 221 2834 iamiltes
239 2793 265 2835 do
283 2794 417 2848 preference,
435 2805 497 2849 parco
526 2806 548 2836 er
556 2795 583 2836 de
593 2793 680 2844 Marius,
692 2795 707 2837 il
717 2795 774 2837 avait
787 2795 835 2848 pori
845 2808 900 2852 qua-

125 2852 180 2907 qu’i}
196 2857 255 2896 aruit
272 2868 330 2910 pour
348 2856 445 2912 eolldguo
467 2868 498 2898 un
525 2864 558 2898 tre
578 2859 672 2906 consuls.
694 2857 731 2899 Cn.
750 2856 857 2906 Octavius,
867 2856 899 2901 du

112 2911 218 2959 Lutatius
229 2917 260 2972 (O,
271 2918 376 2964 Lutatius
392 2919 499 2976 Catulus).
527 2918 588 2976 parti
596 2917 897 2974 detriiadaieriusdtaccus.
