1904 3216
123 165 169 214 276
428 165 593 217 ouationes

123 281 242 334 demande;
252 281 319 326 Rome
326 281 381 327 u'est
388 296 426 339 pas
434 282 520 338 obligee
529 282 708 329 d'aiirauebirles
717 287 780 330 villes
788 300 895 346 grecques

123 345 199 391 allides
213 345 360 398 dabitemus,
375 346 407 390 les
416 346 480 389 atlies
490 352 578 402 passeut
588 354 652 390 avant
665 348 698 391 les
707 352 814 393 ennemis.

154 461 356 511 Perseverassem
368 466 458 519 tacere,
475 461 561 509 Patres
571 461 717 525 Conscripti,
727 462 775 514 nisi
789 465 896 514 Rhodio-

123 545 183 583 rum
195 531 349 594 legationem
362 545 418 580 mox
424 537 601 580 vocaturosros
610 531 699 581 scirem
709 547 716 589 ;
731 534 812 583 etillis
823 535 896 583 audi-

124 604 164 663 u's,
187 603 251 653 mihi
267 601 441 652 necessitatem
458 601 512 651 fore
532 600 637 650 dicendi.
663 602 720 658 Quae
743 605 844 666 quidem
866 619 895 656 co

124 674 251 727 diiticitior
258 673 338 723 oratio
345 672 400 731 erit,
414 673 480 739 quod
493 685 522 722 ea
534 671 565 738 (i)
579 673 699 735 pustulata
714 688 800 724 eorum
811 676 896 726 sutura

124 749 183 806 siut,
199 752 227 794 ut
241 759 289 794 nnn
305 745 386 794 solum
397 743 460 793 nihil
472 744 537 807 quud
545 749 629 793 contra
637 758 677 793 me
683 744 725 802 sit,
740 746 783 796 sed
793 749 895 808 nequod

124 819 155 870 ad
174 818 241 879 ipsos
266 815 367 877 quidem
384 815 484 878 proprie
502 815 632 877 pertineat,
652 823 737 876 petere
754 817 895 867 videantur.

125 886 279 950 agentenim
288 899 387 934 causam
397 885 535 934 civitatium
549 883 698 942 Graecarum,
708 887 842 936 etliberari
855 892 896 938 eas

125 957 209 1007 dicent
223 955 322 1004 debere.
338 955 389 1011 Quo
399 954 542 1015 impetrate,
556 957 594 1004 eui
606 954 709 1004 dubium
723 963 760 1005 est
773 958 834 1019 quin
845 964 870 1008 et
882 971 895 1006 a

125 1026 196 1077 nobis
208 1023 320 1073 aversuri
333 1023 384 1072 sint
393 1037 443 1072 nnn
460 1037 501 1074 eas
516 1025 588 1074 mndn
600 1024 719 1085 civitates,
736 1041 790 1088 quae
804 1028 896 1077 libera-

124 1097 228 1154 buntur,
239 1094 282 1143 sed
293 1094 368 1143 etiam
381 1101 475 1143 veteres
486 1094 659 1156 stipendiarias
671 1103 781 1156 nostras;
796 1100 844 1147 sibi
851 1114 896 1148 au-

125 1175 177 1220 tem
187 1165 386 1228 tantoobtigatos
395 1165 524 1223 beneficio,
536 1165 611 1214 verbo
625 1167 712 1223 socios,
725 1181 754 1216 re
763 1177 821 1218 vera
837 1172 896 1219 sub-

124 1236 349 1304 jectosimperinet
359 1235 595 1284 obnoxiosbabituri
603 1235 715 1293 similit,
728 1238 748 1286 si
754 1239 894 1302 diisptacet,

126 1323 206 1374 quum
220 1309 264 1357 bas
282 1315 363 1356 tantas
381 1320 439 1368 opes
456 1304 618 1366 attentabunt,
641 1306 832 1358 dissimulabunt
846 1311 897 1360 nlla

125 1387 197 1446 parte
208 1379 233 1428 id
246 1380 277 1429 ad
288 1378 445 1440 sepertinere
459 1375 491 1440 (ᾖ)
507 1391 569 1426 :ros
578 1378 651 1446 mede
659 1377 684 1426 id
697 1379 795 1438 decere,
802 1386 826 1429 et
837 1395 898 1430 cen·

124 1452 227 1502 veniens
235 1463 289 1498 esse
297 1455 355 1497 aute
366 1447 445 1503 tactis,
457 1447 548 1496 dicent.
567 1448 621 1496 ilaec
634 1461 676 1496 vos
688 1447 832 1511 nedecipiat
842 1464 899 1499 era·

125 1522 170 1582 tio,
178 1520 356 1584 providendum
363 1518 430 1568 vobis
438 1519 501 1577 erim
516 1532 578 1568 neve
586 1533 636 1568 nnn
646 1518 728 1568 solnm
739 1519 897 1581 inaequaliter

126 1593 187 1642 alins
209 1591 314 1639 nimium
328 1590 473 1652 deprimatis
484 1596 516 1638 'er
530 1589 604 1639 sociis
617 1588 716 1650 restris,
731 1590 792 1639 aiios
806 1599 898 1653 praeter

126 1662 227 1715 medum
240 1659 378 1716 extollatis3
395 1659 529 1718 sedetiam,
545 1674 586 1717 ne,
598 1658 640 1723 qni
651 1660 768 1708 adversus
777 1673 819 1709 vos
827 1675 898 1712 arma

127 1733 241 1791 tulerint,
264 1732 291 1780 in
316 1731 418 1781 meliore
436 1734 501 1780 statu
525 1728 576 1779 sint
596 1743 670 1792 quam
693 1730 753 1779 sccii
779 1736 804 1782 et
823 1733 897 1784 amici

125 1804 211 1858 ratri.

158 1873 227 1931 Quod
240 1874 271 1923 ad
282 1887 322 1923 me
337 1873 435 1931 attinet,
445 1873 470 1920 in
480 1869 534 1920 aliis
545 1870 618 1920 rebus
631 1870 731 1920 cessisse
742 1870 809 1920 intra
822 1876 898 1924 tinem

123 1946 190 2010 juris
200 1947 248 1995 mei
262 1944 365 1995 cuilibet
371 1943 447 1992 videri
463 1941 555 1999 malim,
567 1953 641 2001 quam
654 1941 730 1990 nimis
738 1943 898 2004 pertinaciter

127 2016 155 2065 in
165 2016 299 2065 obtinendo
309 2028 338 2064 en
349 2012 484 2062 tetendisse
496 2012 542 2075 [5);
557 2010 583 2058 in
600 2011 736 2061 certamine
745 2019 827 2061 autem
837 2016 899 2063 ami-

128 2087 192 2136 citiae
201 2092 302 2145 nostrae,
314 2084 488 2134 benevolentiae
502 2096 560 2144 erga
572 2096 622 2135 ros.
638 2082 742 2132 honeris
751 2087 793 2145 qui
806 2087 898 2135 arobis

127 2158 266 2214 habebitur,
281 2156 535 2216 nrinimeaquoqnam
543 2165 613 2214 aequo
624 2153 706 2202 animo
714 2154 778 2204 vinei
788 2169 896 2217 possum.

127 2228 193 2276 Hanc
207 2241 267 2288 ergo
278 2227 410 2274 maximam
420 2225 583 2274 hereditatem
592 2237 606 2271 a
614 2231 681 2284 patre
691 2224 783 2286 accepi,
793 2226 836 2286 qni
844 2226 897 2288 pri-

127 2313 183 2347 mns
197 2298 309 2347 omnium
322 2297 404 2345 Asiam
415 2294 585 2355 Graeciamque
597 2294 759 2343 incolentium
773 2295 797 2342 in
810 2296 899 2345 amici-

127 2369 189 2416 tiam
199 2375 307 2417 vestram
316 2366 392 2422 venit.
409 2378 512 2427 eamque
525 2371 643 2426 perpetua
654 2370 678 2412 et
688 2366 807 2413 constanti
816 2367 862 2414 tide
869 2367 898 2415 ad

128 2447 268 2486 extremum
283 2438 357 2484 tinem
371 2434 427 2483 vitae
443 2433 576 2497 perduxit:
592 2446 638 2482 nec
652 2435 770 2482 duntaxat
787 2435 898 2483 animum

128 2508 196 2555 vobis
207 2509 299 2555 bonnm
314 2519 341 2554 ac
355 2505 451 2553 fidetem
462 2503 586 2567 praestitit.
604 2505 645 2552 sed
658 2505 773 2554 omnibus
783 2504 899 2554 interfuit

127 2578 209 2638 bellis,
228 2592 283 2640 quae
294 2577 320 2624 in
334 2575 424 2625 Graecia
438 2575 558 2636 gessistis,
573 2576 745 2632 terrestribus,
759 2576 896 2631 navalibus,

128 2650 197 2699 omni
208 2654 488 2709 generecommeatuum
502 2646 544 2704 ita,
553 2652 581 2695 nt
589 2659 662 2695 nemo
670 2647 795 2695 sociorum
806 2652 900 2696 vestm-

155 2777 253 2821 etxxrv.
264 2779 332 2836 Voyez
343 2777 429 2833 Patriae,
439 2777 500 2826 xxti,
528 2784 629 2832 rapporte
644 2777 655 2818 a
673 2790 708 2819 ea.
718 2800 745 2808 —
754 2777 774 2819 ⁶2.
790 2777 818 2819 id
834 2776 866 2818 ud
875 2791 899 2819 ae

129 2841 165 2885 cb.
181 2840 225 2884 Μ.
242 2863 269 2871 ·-
284 2843 304 2884 1.
321 2840 356 2883 Ea
372 2851 428 2894 pour
442 2839 502 2892 ejus·
528 2839 658 2894 pertinere,
676 2851 719 2893 que
741 2851 765 2880 ce
787 2842 828 2881 snit
849 2841 899 2882 leur

129 2901 199 2953 medi,
211 2900 271 2944 talin
285 2914 293 2943 a
308 2901 336 2944 de
352 2899 371 2942 li
386 2903 413 2942 ut
427 2901 501 2954 quise
529 2900 615 2943 interit.
634 2924 660 2932 —
678 2901 698 2944 5.
725 2900 824 2944 i'endere
843 2914 898 2956 pour
