1904 3216
108 200 155 250 ott
418 198 577 250 ontmotttts

109 328 186 377 posse.
201 314 262 363 Deos
272 327 372 376 quoque
382 313 442 363 huic
457 313 546 363 favisse
560 312 621 362 sorti
635 326 715 375 spero,
735 312 886 376 eosdemque

109 384 136 434 in
148 385 224 434 rebus
241 384 356 446 gerendis
369 383 494 432 affuturos
511 397 574 432 esse,
589 385 645 433 Haec
660 383 753 446 partim
772 383 884 446 opinari.

107 455 202 518 partim
213 468 313 518 sperare
327 467 439 517 possum.
451 453 516 501 Illud
533 453 659 502 affirmare
671 467 717 516 pro
725 459 793 503 certo
804 450 885 505 habeo

108 526 246 588 audeoque‚
258 539 299 574 me
313 524 380 573 omni
391 537 436 586 ope
449 523 600 573 annisurum
614 537 677 581 esse,
694 538 726 573 ne
737 523 831 573 frustra
842 536 886 572 ros

108 598 174 647 hanc
193 610 264 659 spem
285 595 316 645 de
335 608 376 644 me
394 594 568 656 conceperitis.
587 594 645 650 Quae
665 595 697 644 ad
713 593 809 644 bellum
822 606 886 654 opus

108 674 176 726 sunt,
194 672 218 716 et
228 672 329 716 senatus
341 665 457 723 decrevit,
472 672 504 725 et,
524 668 644 727 quoniam
665 665 786 727 extemplo
807 663 887 726 proii-

108 736 169 787 cisci
178 737 259 799 placet
269 748 349 797 neque
360 748 405 797 ego
422 734 449 783 in
461 748 531 783 mora
545 748 611 792 sum,
623 735 647 784 C.
662 735 773 784 Licinius
780 733 884 793 collega.

108 806 281 868 viregregius,
294 819 364 866 aeque
383 804 456 854 enixe
478 805 583 867 parabit,
599 805 660 855 acsi
673 805 727 867 ipse
745 803 772 853 id
790 803 887 853 bellum

110 883 228 938 gesturus
242 881 316 926 esset.

140 948 195 1005 Vos,
207 960 263 1011 quae
274 945 400 1009 scripsero
409 945 515 1000 senatui,
526 951 569 994 aut
582 945 660 1001 vobis,
673 944 782 996 credite:
798 957 887 994 rumo-

108 1031 149 1068 res
161 1019 308 1068 credulitate
319 1024 443 1067 vestrane
453 1017 533 1073 alatis,
549 1030 603 1083 quo
639 1075 646 1085 ¹
667 1023 753 1066 auctor
761 1028 835 1064 nemo
843 1028 886 1064 ex-

109 1089 192 1138 stabit.
202 1090 262 1139 Nam
271 1102 338 1138 nunc
347 1088 457 1150 quidem,
465 1087 532 1150 quod
547 1088 606 1149 vulg
648 1087 695 1144 eri,
704 1085 885 1149 hocpraeciptte

110 1158 184 1215 bello,
197 1157 372 1215 animadverti,
383 1171 455 1207 nemo
463 1163 515 1205 tam
524 1156 596 1204 tamae
606 1162 761 1219 contemptor
767 1162 806 1206 est
814 1156 885 1218 cujus

110 1242 161 1279 non
171 1228 299 1278 debilitari
314 1228 412 1276 animno
422 1226 505 1290 possit.
520 1226 548 1274 In
557 1227 673 1276 omnibus
686 1227 796 1283 circulis,
810 1234 886 1290 atque

111 1299 194 1355 ctiam,
210 1298 232 1348 si
242 1297 291 1347 diis
309 1297 399 1359 placet,
411 1297 438 1345 in
449 1295 569 1346 conviviis
582 1303 641 1345 sunt
662 1296 704 1358 qui
722 1296 847 1347 exercitus
858 1297 885 1346 in

60 1398 78 1423 ,-
110 1369 278 1419 Macedoniam
298 1367 466 1428 ducant3ubi
485 1372 566 1415 castra
585 1367 687 1416 locanda
710 1367 768 1424 sint,
786 1367 883 1425 sciant;

110 1453 167 1502 quae
178 1441 233 1488 loca
254 1437 378 1501 praesidiis
404 1437 561 1499 occupanda3
576 1438 682 1500 qnando,
703 1443 748 1487 aut
758 1451 809 1500 quo
819 1438 885 1488 cultu

109 1508 225 1558 intranda
259 1505 427 1563 Macedonia3
456 1505 502 1555 ubi
538 1507 630 1556 horrea
662 1507 799 1570 ponenda;
835 1521 885 1569 qua

109 1584 188 1634 terra,
200 1576 265 1626 mari
276 1577 444 1625 subvehantur
455 1581 624 1632 commeatus;
637 1575 737 1639 quando
746 1589 804 1626 cum
814 1577 886 1626 boste

70 1703 79 1709 ῃ
109 1661 199 1696 manus
218 1646 385 1703 conserendae,
414 1645 513 1706 quando
535 1646 632 1708 quiesse
651 1647 685 1695 sit
704 1646 802 1696 melius.
826 1646 884 1704 Nec,

110 1716 171 1780 quid
186 1715 327 1764 iaciendum
338 1716 379 1771 sit,
392 1715 466 1764 modo
472 1721 593 1772 statuunt,
607 1715 659 1774 sed,
669 1716 789 1779 quicquid
801 1716 884 1774 aliter,

111 1800 186 1849 quam
198 1786 245 1849 ipsi
256 1799 383 1842 censuere,
404 1786 554 1842 factumest,
572 1787 699 1836 consulem
719 1787 796 1836 veluti
815 1787 886 1837 'dicta

109 1858 150 1907 die
168 1862 292 1906 accusant.
311 1857 366 1905 Hoc
377 1869 468 1917 magna
491 1856 669 1918 impedimenta
685 1870 728 1905 res
740 1854 887 1919 gerentibus

109 1935 175 1978 sunt.
187 1928 270 1989 deque
283 1926 350 1975 enim
368 1940 456 1975 omnes
471 1932 522 1974 tam
536 1927 603 1975 firmi
615 1932 641 1976 et
656 1928 792 1976 constantis
808 1927 885 1976 animi

109 2004 195 2048 contra
205 1997 336 2046 adversum
346 2009 475 2044 rumorem
484 2009 537 2044 esse
545 2000 657 2057 possunt,
666 2009 742 2058 quam
753 1996 844 2046 Fabius
851 1996 886 2059 (t)

109 2067 174 2117 suit:
188 2067 232 2130 qui
244 2080 319 2116 suum
334 2065 468 2129 imperium
486 2065 567 2115 minui
585 2079 630 2129 per
648 2067 783 2116 vanitatem
800 2066 886 2130 populi

109 2139 211 2197 maluit,
235 2152 310 2201 quam
335 2135 444 2187 secunda
467 2137 532 2185 t'ama
552 2136 617 2186 mate
637 2138 818 2201 rempublicam
842 2152 887 2200 ge·

108 2224 174 2260 rere.
189 2210 242 2259 b'on
253 2223 311 2259 sum
322 2208 353 2265 ie,
366 2207 409 2270 qui
422 2221 472 2257 non
484 2208 622 2257 existimem
631 2209 797 2260 admonendos
811 2210 886 2259 duces

109 2294 179 2330 esse:
195 2279 246 2328 imo
260 2293 327 2335 eum,
339 2281 381 2340 qui
394 2278 476 2327 desua
488 2277 563 2326 unius
574 2279 696 2328 sententia
708 2280 791 2329 omnia
803 2286 885 2342 gerat,

110 2351 247 2414 superbum
268 2349 354 2411 judico
377 2350 466 2410 magis,
493 2362 568 2411 quam
579 2349 724 2412 sapientem.
746 2350 809 2406 ouid
825 2363 886 2412 ergo

110 2423 168 2471 est?
188 2419 514 2482 Primumaprudentibus‚
541 2424 567 2468 et
589 2421 689 2482 proprie
709 2420 748 2470 rei
767 2421 886 2471 militaris

111 2489 210 2550 peritis,
235 2497 260 2539 et
286 2503 334 2538 usu
361 2488 448 2544 doctis,
472 2487 591 2537 monendi
617 2486 782 2551 imperatores
807 2496 884 2538 sunt:

111 2559 202 2609 deinde
215 2560 246 2609 ab
257 2560 307 2618 bis,
321 2559 364 2621 qui
378 2559 504 2608 intersunt
526 2558 643 2618 gerendis
660 2558 755 2624 [rebus
779 2560 832 2624 qui]
851 2561 885 2624 (2)

137 2683 173 2726 CC.
184 2684 307 2735 thobias,
323 2684 345 2734 Q.
359 2683 437 2727 Fabius
450 2683 562 2736 Maximus,
577 2683 624 2739 qui,
643 2695 728 2728 comme
744 2683 777 2728 dit
792 2682 886 2736 Ennius,

316 2781 358 2816 lton
367 2789 456 2817 rumores
465 2778 522 2828 ponit
531 2780 578 2816 ante
587 2777 680 2816 sulutem.

113 2866 181 2923 Vopez
195 2867 216 2909 le
230 2874 416 2910 commencement
425 2865 451 2908 do
462 2866 483 2909 la
510 2865 576 2909 XCIX.
605 2888 634 2899 ·-
658 2864 680 2909 2.
705 2867 799 2922 {Reduc
833 2866 883 2924 quil

10 2968 16 2985 Ἀ
106 2927 224 2972 NarratIon
247 2928 319 2973 mil
342 2934 364 2973 et
384 2929 405 2973 le
425 2927 482 2971 bisc.
511 2935 568 2972 moto
596 2927 682 2984 ajoutds
711 2941 751 2985 per
782 2928 885 2986 Sigonius
