1904 3216
298 207 335 255 rr
351 202 495 256 sttutsttt
511 176 668 258 turbatos.
823 194 867 256 aot

94 333 189 378 eorum,
205 335 279 383 quam
291 322 355 371 ioede
367 336 490 384 quamque
500 322 573 371 inulti
594 321 717 385 perierint
733 321 810 370 vostri
824 322 869 371 de-

96 405 216 450 tensores,
231 398 260 442 ut
272 392 337 441 vobis
351 393 449 441 animus
463 393 493 440 ab
503 392 600 454 ignavia
612 400 685 454 atque
696 391 805 442 socordia
816 406 869 441 cor-

96 468 181 523 ruptus
204 462 251 523 sit,
277 463 319 525 qui
341 477 373 511 ne
395 477 462 512 nunc
482 463 597 524 quidem,
619 464 730 512 obnoxiis
751 462 866 520 inimicis,

95 533 239 595 exsurgitis,
259 540 335 596 atque
349 532 491 581 etiamnunc
509 533 602 582 timetis
616 546 664 593 eos,
689 532 779 594 quibus
799 533 869 582 decet

96 603 188 651 terrori
199 616 260 652 esse.
286 603 331 652 Sed
346 616 497 665 quamquam
511 604 565 653 brec
575 604 634 652 talia
643 609 708 661 sunt,
729 609 813 651 tamen
822 601 869 650 ob-

95 672 161 721 viam
171 673 209 722 ire
222 673 335 723 factionis
345 673 461 735 potentiae
475 673 573 722 animus
586 673 686 735 subigit.
697 675 767 722 Certe
777 683 824 734 ego
835 672 869 720 h-

94 742 226 800 bertatem,
239 756 295 806 quae
308 743 370 792 mibi
383 758 396 791 a
410 751 513 805 parente
525 757 580 792 meo
595 744 625 805 (ὅ)
638 743 726 793 tradita
737 749 868 805 cst,expe-

94 813 164 871 riar3
178 828 265 863 verum
283 816 308 865 id
320 816 413 864 frustra
425 829 457 863 an
474 815 505 863 ob
519 828 573 863 rem
585 814 616 876 (d)
628 815 724 873 iactam,
741 813 767 862 in
784 818 865 863 vostra

95 898 172 935 manu
181 884 261 934 situm
276 891 322 944 est,
337 884 454 942 Quirites.
474 885 558 947 Neque
569 897 616 945 ego
630 898 672 934 ros
687 881 784 944 hortor,
801 882 868 944 quod

95 970 160 1019 saepe
174 957 283 1018 majores
294 957 370 1005 rostri
392 958 482 1012 secere,
503 956 541 1005 uti
552 960 637 1005 contra
653 955 759 1018 injurias
776 953 868 1003 armati
925 960 930 972 “

94 1027 164 1076 eatis.
183 1026 248 1075 h'ihil
260 1026 293 1084 vi,
303 1027 368 1075 nibil
375 1025 513 1076 secessione
522 1040 584 1088 opus
593 1033 631 1075 est
641 1039 757 1073 :necesse
767 1031 805 1074 est
813 1037 868 1073 suo·

95 1101 146 1145 met
158 1096 206 1158 ipsi
218 1110 288 1145 more
300 1097 333 1157 (5)
349 1096 488 1159 praecipites
499 1101 566 1144 eant.
585 1094 669 1145 Occiso
681 1094 779 1145 Tiberio
794 1095 868 1144 Grac-

94 1166 148 1221 cho,
162 1180 236 1226 quem
247 1179 353 1228 regnum
366 1180 452 1228 parare
463 1165 569 1222 aiebant,
582 1165 608 1214 in
623 1166 719 1227 plebem
734 1167 866 1214 Romanam

95 1235 243 1297 quaestiones
260 1237 351 1286 habitae
370 1245 437 1286 sunt.
464 1237 520 1285 Post
537 1237 576 1286 Gai
593 1234 694 1285 Gracchi
710 1242 735 1285 et
747 1235 777 1285 bi.
798 1235 882 1284 liuhi-⁴

94 1307 195 1365 caedern,
207 1306 269 1355 item
277 1307 353 1356 vostri
363 1306 458 1356 ordinis
468 1307 541 1356 multi
549 1308 665 1356 mortales
674 1308 699 1356 in
712 1320 811 1356 carcere
820 1319 866 1354 ne-

95 1376 143 1424 cati
154 1385 215 1425 sunt
225 1392 233 1434 ς
243 1377 376 1440 utriusque
385 1378 462 1427 cladis
472 1391 521 1426 non
530 1379 577 1437 lex,
588 1391 676 1427 vorum
685 1377 772 1427 lubido
781 1390 881 1428 eorum·

94 1444 171 1495 finem
182 1447 252 1496 fecit.
267 1447 313 1497 Sed
325 1461 383 1497 sane
399 1448 476 1497 fuerit
488 1447 560 1508 regni
572 1448 675 1511 paratio,
688 1447 812 1510 plebi-sua
821 1462 878 1499 re‘

94 1514 212 1572 stituere;
230 1517 352 1578 quidquid
367 1517 420 1567 sine
432 1518 555 1580 sanguine
575 1517 666 1567 ciuium
678 1516 763 1568 ulcisci
776 1519 875 1582 nequtae

94 1591 138 1634 tur
151 1585 194 1647 (6),
208 1587 266 1648 Jure
279 1589 372 1636 iactum
382 1587 424 1636 sit.

125 1655 302 1718 Superioribus
312 1658 386 1706 annis
393 1658 462 1706 taciti
472 1658 666 1720 indignabamini
675 1658 791 1707 aerarium
800 1659 868 1720 expi-

94 1725 150 1784 lari,
165 1739 238 1788 reges
250 1734 276 1777 et
289 1729 392 1790 populos
412 1729 504 1777 liberos
519 1729 603 1790 paucis
616 1728 741 1778 nobilibus
762 1729 865 1790 vectigal

95 1796 211 1859 pendere,
224 1812 300 1862 penes
314 1799 413 1847 eosdem
425 1806 450 1847 et
463 1813 586 1848 summam
597 1799 700 1859 gloriam
709 1806 733 1848 et
741 1812 866 1847 maxumas

94 1864 193 1917 divitias
208 1882 278 1925 esse;
292 1875 376 1917 tamen
388 1870 439 1917 baec
463 1869 520 1918 talia
533 1869 643 1918 facinora
664 1869 766 1930 impune
779 1881 865 1917 susce-

94 1935 160 1998 pisse
170 1948 261 1998 parum
272 1938 392 1987 habuere.
415 1939 501 2001 ltaque
514 1945 639 2002 postremo
660 1941 734 2000 teges,
751 1939 866 2001 majestas

93 2014 183 2067 vostra,
195 2008 280 2058 divina
296 2015 322 2058 et
342 2009 450 2057 humana
463 2011 545 2059 omnia
564 2011 676 2059 hostibus
690 2009 780 2059 tradita
797 2015 865 2058 sunt.

92 2077 175 2140 Neque
197 2091 246 2138 cos,
268 2080 311 2141 qui
331 2093 360 2128 ea
375 2079 464 2138 fecere,
486 2081 563 2142 pudet
576 2088 620 2129 aut
633 2080 746 2142 poenitet,
769 2079 812 2128 sed
827 2078 866 2127 iu-

94 2267 226 2309 manuscrits
240 2271 327 2321 portent
341 2263 381 2308 XV.
392 2265 409 2308 li
420 2267 467 2309 taut
493 2267 638 2320 changoment
651 2264 704 2307 atah
716 2264 798 2307 recent.
808 2287 835 2296 -
843 2265 864 2308 t.

92 2324 126 2371 XX
144 2338 172 2370 ou
196 2325 259 2378 titt,
288 2340 326 2370 car
352 2326 466 2371 Memmius
494 2325 524 2371 ot
538 2338 601 2376 rem,
621 2337 742 2368 commacu
752 2324 864 2377 franciis:

93 2395 177 2444 compto
190 2388 269 2444 depuis
282 2389 303 2432 la
317 2395 375 2432 mort
391 2390 417 2433 do
431 2391 466 2434 'ri-
493 2402 550 2445 pour
569 2388 665 2445 quelque
683 2388 764 2439 chose,
780 2387 867 2430 c'estd-

91 2449 169 2493 bertus
182 2449 303 2504 Gracchus,
313 2452 351 2505 qui
368 2457 406 2494 eut
420 2451 465 2495 tieu
493 2452 554 2502 dira,
563 2462 616 2493 avec
634 2448 695 2499 estet,
709 2461 762 2492 avec
782 2448 864 2492 succds.

93 2511 135 2554 t'au
150 2511 190 2556 oto
205 2511 338 2562 ΚΛΜΝ.
353 2512 404 2554 J.-G.
420 2525 425 2554 z
440 2527 464 2557 ca
492 2511 706 2568 -5.Suomettpat'
723 2509 864 2564 mundata

92 2573 131 2630 qui
149 2573 189 2617 tait
206 2574 233 2618 23
251 2587 334 2617 ans·
348 2574 368 2617 3.
388 2574 405 2616 t
423 2587 465 2630 po·
492 2573 866 2618 manidradontilsontdonudoux·

92 2635 159 2678 Μία
166 2647 222 2678 uteo.
234 2633 464 2691 Romarquoziasorce
492 2638 574 2680 memes
590 2633 770 2692 taunucum
779 2633 866 2689 s'oxpii·

92 2695 121 2740 da
133 2701 188 2740 catto
203 2698 345 2752 expression:
360 2708 376 2739 o
390 2699 465 2752 mojo-
492 2710 534 2753 quo
545 2710 585 2753 par
600 2710 626 2741 ca
636 2700 674 2754 qui
690 2699 742 2740 suit.
757 2719 783 2729 -
792 2697 813 2739 6.
823 2695 865 2740 Ne·

92 2757 159 2801 νίὸω
167 2758 300 2802 manmit
309 2757 344 2801 ete
354 2770 384 2800 un
394 2764 463 2802 terme
491 2757 574 2815 quitur
581 2770 604 2802 sc
612 2758 703 2806 mattait.
713 2757 864 2800 dansl'amien

92 2817 183 2872 general
199 2833 205 2871 3
220 2831 235 2860 a
252 2821 352 2875 parente
369 2830 418 2863 meo
433 2819 465 2862 dit
492 2821 591 2874 tangago,
619 2818 782 2874 gtntmlement
812 2829 864 2860 avec

92 2890 136 2933 que
150 2877 181 2921 du
198 2885 268 2935 temps
284 2878 311 2921 da
327 2890 366 2920 son
379 2879 432 2934 pere
444 2880 465 2923 la
493 2878 675 2936 t’indnitiipassii
688 2880 736 2936 tour
751 2874 882 2920 tetest'xc'x

94 2939 171 2985 tibertd
184 2941 269 2985 existuit
283 2953 361 2984 encore
372 2956 378 2994 ς
388 2953 433 2998 que
444 2941 465 2988 la
493 2942 589 2998 alcisci)
603 2947 644 2998 ;et
657 2946 778 2993 cotusaga
791 2931 899 2976 stabiam
