1904 3216
303 195 341 243 fix
358 196 428 244 livit
445 193 533 244 libito
549 193 593 243 ΙΙΙ.
811 195 840 244 19

21 334 26 363 ;
63 322 109 373 quo
118 310 273 368 enimiilias‚
285 323 385 360 sorores
396 309 565 371 coniugesque
574 321 645 358 esse:
659 320 705 357 nec
716 321 774 358 cum
788 308 838 357 fllia

21 378 25 391 '
64 393 105 429 sue
123 380 262 429 libidinem
284 380 354 442 Appii
374 379 467 428 Claudii
482 378 625 427 exstinctam
644 391 713 435 esse;
731 379 775 427 sed
789 392 838 440 quo

63 450 210 513 impunitior
223 450 267 507 sit,
278 463 308 498 eo
324 450 510 498 effrenatiorem
527 449 588 497 lore.
603 448 688 496 aliena
700 448 839 498 calamitate

63 520 241 570 documentum
252 519 337 568 datum
354 519 404 568 illis
415 519 530 568 carendae
539 518 628 566 similis
642 517 752 577 iniuriae.
769 518 839 574 Quod

63 592 89 640 id
101 606 128 640 se
143 592 259 643 attineat.
275 603 380 640 uxorem
399 589 448 638 sibi
464 589 514 638 lato
528 597 653 649 ereptum
674 588 760 643 liliam,
780 589 838 648 quia

62 674 108 710 uon
122 662 192 710 ultra
203 659 294 722 pudica
304 660 402 708 uictura
413 659 500 714 luerit,
521 659 637 707 miseram
652 659 694 707 sed
709 659 837 706 honestam

62 738 166 781 mortem
174 730 331 780 occubuisse.
344 729 394 778 bon
405 729 514 790 essejam
526 728 595 789 Appii
609 728 705 776 libidini
715 729 796 776 locuni
811 728 838 776 iii

62 801 133 850 domo
146 814 208 856 sua;
225 799 258 848 ab
271 798 319 847 alia
335 798 451 847 violentia
462 799 516 858 ejus
531 800 615 846 eodem
630 811 656 846 se
670 797 752 845 animo
763 811 838 846 suum

62 884 149 933 corpus
160 871 359 925 vindicaturum,
371 883 420 929 quo
432 868 592 918 vindicaverit
606 867 665 916 dliae
677 880 683 914 :
697 867 774 916 ceteri
787 866 836 916 sibi

62 953 86 989 ic
95 938 186 988 liberis
196 939 250 987 suis
267 937 434 985 consulerent.

421 1074 473 1123 xxi

62 1189 112 1254 hp.
139 1189 185 1239 52.
219 1188 298 1240 Veron
323 1188 487 1253 quormidcm
514 1205 528 1236 e
554 1189 672 1238 Patribus
693 1190 720 1238 i‘n
747 1195 836 1239 seriata

294 1259 412 1308 aduersus
434 1259 596 1309 decemviros.

78 1377 117 1414 [uio
126 1374 209 1413 aeunni
216 1373 323 1415 exereitus.
333 1375 378 1410 odio
386 1373 548 1416 decemvirorum.
555 1374 670 1412 Aventinum
677 1373 833 1425 primm-deinde.

63 1424 196 1469 prosequente
214 1418 276 1468 plebe.
286 1419 364 1456 sucrum
381 1423 465 1455 montem
481 1419 753 1499 oceugaveraundaeemriri
770 1424 835 1457 tamen

62 1470 156 1515 “ponae
166 1472 275 1510 inlperinm
288 1462 410 1500 abnuebant.
421 1464 504 1512 Petrum*
514 1472 527 1498 e
541 1473 565 1500 eo
581 1464 670 1513 plerique
686 1465 833 1505 cunctabantur.

75 1507 545 1600 lmsqxffifflfflsffiiriffioisnggffiuroe,
563 1509 652 1544 tribunos
668 1507 768 1545 habendos
783 1517 833 1546 esse.

82 1647 98 1690 ll
107 1657 143 1691 esi
153 1646 284 1703 impossible
294 1659 336 1689 aux
350 1646 472 1689 decennus
485 1646 554 1701 d'agir
563 1646 696 1699 desormais;
707 1648 833 1704 impossible

61 1717 84 1749 m
92 1708 156 1750 seuit
165 1708 194 1751 de
204 1707 316 1762 rivoquar
325 1707 358 1750 los
367 1708 505 1749 concessibus
515 1707 578 1749 loires
588 1721 616 1750 au
626 1709 712 1763 peuple.

85 1825 152 1882 Quid
163 1824 351 1886 exspectabitis,
360 1825 446 1873 latres
457 1825 610 1887 conscripti?
621 1826 645 1874 Si
661 1827 794 1875 decemviri
805 1828 832 1876 fi-

60 1908 110 1943 nem
126 1894 277 1957 pertiuuciae
291 1895 456 1951 musacium,
471 1908 546 1943 ruere
561 1909 589 1943 uc
599 1896 736 1955 deilagrure
749 1898 831 1947 oiuuia

60 1966 154 2025 passuri
168 1965 249 2013 estis?
265 1965 333 2020 Quod
350 1971 432 2013 auteur
445 1967 511 2014 istud
522 1967 656 2027 imperium
671 1975 716 2022 est,
731 1969 832 2016 liccem-

61 2035 111 2091 n'ri.
127 2035 198 2096 quod
208 2036 315 2096 amplexi
328 2037 432 2084 tenetis?
446 2036 529 2084 'lectis
540 2051 568 2085 uc
578 2037 713 2098 parietibus
723 2038 781 2097 juru
795 2039 832 2086 di-

60 2107 120 2153 cturi
129 2105 209 2154 estis?
218 2105 471 2166 impudentium-nm
480 2114 618 2155 vestroruin
626 2108 743 2168 ichoroui
754 2123 830 2170 prope

59 2188 191 2224 numerum
202 2176 230 2224 in
239 2177 293 2224 loro
302 2189 417 2238 conspici,
425 2190 499 2238 quam
508 2183 648 2237 togatorum
655 2179 829 2239 alienumque?

59 2247 129 2304 Quid,
144 2247 168 2296 si
181 2247 265 2295 hostes
276 2246 307 2294 ad
322 2247 409 2294 urbem
422 2249 528 2305 veiiiaut,
546 2250 633 2296 tacturi
645 2250 718 2296 estis?
731 2250 798 2308 uuid,
808 2251 828 2298 si

57 2317 125 2378 plebs
137 2330 207 2374 moi,
222 2316 265 2364 ubi
280 2329 368 2377 parum
383 2317 521 2366 secessione
536 2327 665 2366 innoventur
678 2319 699 2379 (l
715 2328 828 2375 ‚cinnatu

58 2389 136 2437 veniat
147 2387 294 2436 iuccasune
301 2387 371 2436 urbis
384 2388 460 2436 vultis
470 2388 537 2436 liniri
548 2389 696 2450 imperium?
707 2391 777 2451 Atqui
787 2399 828 2438 aut

56 2460 125 2521 plebs
136 2472 188 2506 nun
199 2464 238 2506 est
255 2458 377 2514 habenda,
389 2466 432 2506 aut
449 2459 555 2507 habendi
566 2468 623 2507 suut
634 2459 727 2508 tribuni
740 2462 826 2523 plebis.

55 2528 105 2578 lion
118 2529 194 2579 citius
210 2528 364 2578 caruerimus
375 2528 487 2591 puniens
502 2530 698 2589 magistratibus,
712 2532 828 2591 quuiuilli

55 2599 169 2662 plebeiis.
178 2598 269 2647 Novam
282 2599 489 2662 inexpertamque
497 2613 551 2648 eain
562 2607 705 2660 potestatem
714 2603 829 2662 eripuere

55 2669 278 2732 petribusnostris‚
290 2683 321 2718 uc
328 2684 393 2718 nuuc
402 2669 435 2733 (ij
446 2671 575 2718 dulcedine
590 2669 666 2717 semel
675 2671 739 2731 capii
750 2673 829 2720 lerant

81 2797 133 2841 xxi.
163 2800 183 2841 l.
218 2797 343 2849 leantur,
374 2809 431 2854 pour
457 2798 827 2853 lepeudelruitdelurelrailaau

53 2863 230 2917 promerentur.
248 2859 321 2914 quand
337 2872 365 2903 ou
380 2873 429 2903 sera
457 2866 517 2902 mont
535 2859 606 2902 Suum.
628 2884 654 2891 —
676 2861 698 2905 il.
720 2862 749 2905 Nc
762 2873 835 2913 niuno„

56 2933 99 2977 peu
106 2921 343 2972 numerosi-tero,
353 2928 428 2978 royaut
451 2935 511 2979 pour
521 2924 606 2970 nedum
623 2941 696 2973 nunc.
707 2928 805 2973 Cicirou
812 2927 847 2971 dit
