1904 3216
316 139 353 188 tx
366 139 435 189 ttttt
452 140 539 193 tttttto
555 140 602 193 XL.
798 145 848 196 509

73 265 99 308 et
115 256 241 320 principes
256 256 425 312 Macedonum,
445 270 502 305 cum
518 256 567 308 isto
583 256 684 308 mittere
698 256 779 320 lubet.
800 261 845 318 Qui

70 325 131 377 hinc
138 324 233 387 integri
242 332 268 373 et
276 325 367 374 sinceri
377 326 479 374 Romam
489 332 559 381 eunt,
570 326 712 389 Philippum
721 341 808 390 regem
818 344 843 379 se

70 396 163 447 habere
177 395 313 452 credentes,
323 396 412 445 imbuti
422 397 490 445 iitiuc
501 404 526 446 et
536 397 617 447 infecti
629 398 746 447 Romanis
755 400 844 448 delini-

70 467 161 516 mentis
184 467 297 516 redeunt.
318 465 456 515 Demetrius
481 467 513 516 iis
536 481 602 516 unus
617 469 702 517 omnia
716 476 767 527 est;
786 483 843 519 eum

67 536 121 599 jam
131 551 223 601 regem.
235 537 289 586 rivo
300 544 379 599 patre.
392 538 525 599 appellant.

101 608 158 657 iiaec
168 607 190 656 si
203 607 327 669 indignor,
342 607 493 656 audiendum
509 616 546 658 est
564 609 658 665 statim,
676 623 725 659 uon
741 610 772 659 cb
786 611 845 662 aliis

68 677 355 735 snium‚sedetiumate‚
364 678 782 743 pater.cupiditctisregnicrimeu.
791 682 844 744 ligo

67 762 138 806 sero,
153 746 213 799 siin
227 748 310 798 medio
324 748 426 810 ponitur
441 749 483 813 (8),
498 762 548 798 non
560 763 673 811 agnosco.
686 749 764 806 Quem
774 753 842 803 euim

68 832 117 870 suo
126 820 183 870 loco
197 832 292 875 moveo.
305 824 335 868 ut
344 818 396 880 ipsc
410 820 436 867 in
450 819 504 879 ejus
518 821 600 870 locum
609 822 759 872 succedunt?
773 823 842 874 Unus

68 896 179 941 untemc
190 895 262 952 puter
275 895 329 939 est:
347 898 380 945 et,
397 897 427 939 ut
442 890 485 939 diu
496 890 538 947 sit,
549 891 608 940 deos
622 905 692 954 rogo.
710 894 841 955 Superstes

68 960 148 1021 (etita
162 959 218 1018 sim,
234 960 256 1010 si
267 960 390 1015 merebor,
406 966 435 1010 ut
451 961 505 1022 ipse
520 974 561 1010 me
576 975 629 1010 osse
642 962 725 1024 veliti)
739 964 841 1014 heredi·

65 1037 145 1081 tutem
154 1031 236 1093 regni,
249 1032 269 1080 si
281 1032 447 1094 pctcrtrcdet,
458 1031 587 1095 accipiam.
601 1031 674 1093 Cupit
685 1048 802 1095 regnunt.
815 1042 840 1085 et

66 1101 169 1164 quidem
185 1103 305 1152 scelerate
316 1103 395 1165 cupit,
408 1103 452 1164 qui
465 1103 640 1152 transcendere
656 1104 757 1154 festinat
770 1106 839 1154 ordi-

66 1186 126 1222 nem
141 1173 231 1227 aetutis.
245 1181 349 1229 caturco,
362 1173 438 1222 moris
454 1173 621 1228 iiccedonum.
632 1173 699 1235 iuris
715 1175 837 1235 gentium.

66 1242 155 1293 Obstat
165 1243 243 1293 irater
258 1244 347 1306 major.
359 1243 390 1293 cd
401 1256 476 1305 quem
485 1243 552 1304 jure,
568 1244 693 1293 voluntate
704 1243 780 1293 etium
793 1259 840 1307 pu-

66 1313 126 1370 tris,
135 1325 241 1376 regnum
251 1313 369 1375 pertinet.
381 1313 490 1362 tollatur
500 1313 533 1377 (9)
546 1329 553 1361 :
565 1327 616 1363 non
625 1314 723 1374 primus
733 1328 838 1377 regnum

65 1385 179 1435 fraterno
193 1384 260 1434 ccede
277 1385 381 1447 petiero.
401 1386 473 1433 Pater
485 1398 557 1433 senex
573 1391 599 1433 et
615 1384 668 1434 tilio
684 1384 753 1434 sotus
764 1386 839 1436 orbu-

66 1463 109 1506 tus
120 1453 168 1521 (to)
183 1454 213 1504 de
227 1469 253 1504 se
266 1455 347 1511 masis
359 1455 465 1510 timebit,
482 1468 556 1517 quom
569 1461 599 1504 ut
613 1454 660 1504 titii
673 1469 761 1505 necem
770 1455 838 1506 uici-

66 1530 160 1575 scstur.
183 1525 285 1573 ttomnni
301 1525 461 1581 lutobuntur,
480 1523 629 1586 probabunt,
646 1524 781 1574 defendent
803 1523 838 1573 iu·

66 1601 143 1644 ctum.
156 1594 198 1644 lito
211 1607 267 1657 spes
280 1594 392 1649 incertae.
409 1601 487 1655 puter,
499 1595 542 1644 sed
556 1608 606 1644 non
622 1594 709 1645 inanes
723 1602 788 1643 sunt.
801 1595 837 1645 itu

65 1664 132 1715 enim
144 1677 171 1713 se
183 1677 223 1712 rcs
235 1664 308 1713 habet
322 1679 328 1712 :
342 1663 481 1726 periculum
495 1663 553 1712 ritae
569 1664 732 1726 propelleret
742 1677 836 1727 mepo·

64 1739 117 1792 tes,
141 1735 267 1797 puniendo
286 1735 390 1797 eosqui
412 1735 442 1782 ud
461 1747 501 1783 me
520 1734 721 1784 interficiendum
738 1736 835 1784 terrum

64 1809 228 1866 sumpserunt
239 1816 245 1850 :
257 1802 279 1852 si
289 1802 394 1851 facinori
403 1815 490 1851 eorum
501 1802 647 1851 successerit
657 1802 717 1865 (ii),
729 1808 836 1853 mortem

63 1886 145 1923 mecm
157 1872 224 1921 idem
233 1878 261 1920 tu
273 1871 391 1936 persequi
406 1885 457 1920 nou
465 1872 568 1934 poteris.

63 2012 122 2057 dum
131 2014 173 2063 cet,
188 2013 277 2062 utrum,
293 2018 334 2054 ctc.
344 2034 370 2042 -
379 2011 399 2055 8.
410 2010 437 2054 Si
463 2031 491 2041 -
499 2009 533 2054 10.
544 2008 604 2052 filio
613 2010 675 2053 sotus
691 2008 787 2053 orbatus
803 2009 834 2052 dit

63 2073 90 2118 itt
98 2073 175 2116 medio
180 2073 366 2129 ponitur-‚saron
372 2071 438 2127 cupi-
463 2084 521 2128 pour
528 2071 580 2124 filio
590 2070 694 2119 orbatus.
704 2071 773 2120 solus.
782 2078 837 2126 pcut

63 2134 150 2178 ditatis
163 2133 232 2189 repni
247 2133 344 2175 crimen.
357 2131 389 2176 Ou
404 2131 436 2174 dit
463 2132 712 2189 paruuetuangeteo
719 2138 775 2174 mots
784 2139 835 2175 sont

63 2197 91 2240 in
102 2195 179 2239 medio
189 2195 281 2252 positus
296 2195 360 2238 d'une
369 2194 435 2236 chose
463 2192 672 2248 entremuespnce
681 2204 725 2248 que
733 2193 765 2235 ies
773 2192 833 2237 iden<

62 2258 102 2312 qui
111 2258 231 2313 n'apcsde
240 2258 382 2311 mniumque
391 2256 435 2297 l'ou
461 2267 485 2298 se
504 2254 633 2298 confondeut
652 2267 658 2298 ε
677 2254 699 2297 lu
722 2265 788 2297 causo
811 2261 835 2297 ct

61 2330 142 2375 expose
153 2319 196 2360 astu
210 2317 291 2372 qu'clie
305 2319 346 2359 soit
359 2329 434 2359 rccou·
462 2317 529 2360 i'eiiet
539 2330 562 2361 se
572 2323 674 2361 trouvent
683 2317 760 2361 reunis
778 2317 834 2361 dtus

62 2392 108 2424 nuc
118 2380 228 2437 (opposcit
243 2392 283 2435 pur
296 2379 352 2422 celui
367 2378 379 2420 i
395 2380 434 2433 qui
461 2378 482 2421 la
491 2379 570 2434 phrase
580 2380 619 2434 qui
632 2379 735 2434 tqutrnut
744 2379 757 2420 i
766 2378 833 2422 celle·

60 2443 107 2488 elic
124 2444 254 2500 uppunient.
272 2444 333 2485 -9,
358 2441 435 2483 Tutia·
461 2439 562 2490 cimino
574 2451 620 2495 per
635 2440 760 2483 orbitatem
775 2439 830 2494 titii.

61 2509 121 2549 tur:
130 2506 143 2549 i
152 2506 223 2561 par-tir
239 2505 288 2546 d'ici
305 2503 382 2546 Persic
398 2516 435 2545 ex·
461 2502 530 2544 -ii.
540 2500 648 2545 Succedit
662 2507 695 2543 est
708 2502 737 2544 ici
750 2501 835 2557 imper·

60 2569 133 2624 prime
142 2568 163 2611 ic
172 2566 252 2623 peuscc
265 2566 348 2608 secrttc
358 2566 385 2607 dc
395 2563 435 2606 ttt-
461 2562 545 2606 sonnei.
555 2563 665 2618 Persequi
680 2575 705 2607 se
720 2569 766 2607 utet
780 2575 832 2608 sou·

61 2629 156 2676 tuccius
165 2629 217 2673 tolle
225 2627 279 2684 qu'ii
285 2639 309 2670 sc
317 2628 434 2681 l'imoginc.
461 2629 513 2668 seut
520 2635 577 2680 pour
586 2623 676 2668 utcuct.
