1904 3216
130 203 176 250 184
432 198 595 250 ΟΒΑΤΙΟΝΕὸ

130 318 189 375 rint,
206 331 261 365 rem
276 329 376 365 omnem
390 315 559 365 inclinaturos.
582 314 699 364 Auditum
717 314 792 363 modo
808 313 835 362 in
850 315 904 363 acie

132 389 206 451 (nam,
221 402 252 437 ne
265 392 321 436 ante
333 386 474 443 audiretur,
482 386 601 435 daturum
610 381 719 446 operam)
731 384 838 432 alterum
846 396 903 431 con-

130 460 211 510 sulem
218 465 243 508 et
253 459 357 508 alterum
364 457 501 507 exercitum
509 457 641 514 advenisse,
647 455 715 505 haud
721 456 824 505 dubiam
831 456 904 505 victo-

130 529 194 578 riam
205 529 339 577 iacturum.
356 528 455 577 Famam
466 528 561 577 bellum
574 527 703 582 confluere,
720 533 745 575 et
763 539 838 588 parva
850 540 906 574 mo-

130 605 213 649 menta
237 599 263 647 in
283 612 351 661 spem
369 606 516 661 metumque
537 598 666 661 impellere
685 597 789 646 animos.
815 596 905 646 Gloriae

131 670 231 734 quidem
241 683 270 718 ex
280 682 309 718 re
319 669 380 718 bene
393 675 463 732 gesta
484 675 561 731 partae
576 668 686 718 tructam
710 681 787 729 prope
805 680 906 716 omnem

130 741 198 805 ipsos
210 741 311 789 laturos.
323 740 434 802 Semper,
452 739 519 802 quod
531 744 683 803 postremum
694 738 816 800 adiectum
827 740 869 794 sit,
880 738 907 788 id

130 824 186 862 rem
199 816 278 860 totam
291 810 369 860 videri
379 811 491 860 traxisse.
507 811 612 860 Cernere
623 809 699 872 ipsos,
710 822 759 870 quo
774 821 906 867 concursu,

132 895 180 946 qua
192 880 364 939 admiratione,
377 893 426 943 quo
439 879 523 930 lavore
534 878 675 936 hominum,
689 879 739 928 iter
751 891 826 928 suum
838 877 907 927 cele-

130 953 229 1002 bretur.

478 1089 555 1140 CXXX

133 1214 188 1277 cap.
213 1213 252 1264 lo.
280 1214 357 1263 Verba
377 1212 481 1263 Neronis
497 1215 531 1263 ud
555 1214 674 1278 eolleqam
698 1218 722 1262 et
746 1217 839 1262 ceteros
862 1214 908 1278 qui

163 1283 270 1334 aderant
279 1283 307 1330 in
318 1282 433 1341 concilio,
443 1287 472 1332 ut
481 1284 666 1348 quamprimum
677 1281 846 1331 dimicaretur.

153 1408 257 1456 Postquam
266 1407 316 1443 lt'ero
325 1403 391 1487 copias
398 1406 526 1456 enmpcollega
532 1404 630 1458 jungeret,
639 1405 774 1456 multorumeo
786 1403 906 1442 inclinabant

134 1454 237 1490 sententiae
250 1455 278 1494 ut,
290 1450 335 1487 dum
356 1459 422 1486 essum
435 1460 464 1486 vm
480 1461 503 1487 ae
516 1462 536 1487 m
550 1451 589 1488 ilus
603 1450 684 1487 militem
704 1448 803 1490 reficeret,
827 1451 909 1496 tempus

132 1505 203 1579 pugnae
218 1494 339 1532 dillerretnr.
353 1497 379 1530 et
393 1493 427 1531 ille
442 1503 479 1531 non
493 1503 527 1531 sua
542 1504 576 1531 ere
590 1497 654 1536 modo,
668 1493 702 1531 sed
711 1502 786 1530 summa
801 1502 838 1540 ope
849 1502 909 1530 orare

141 1540 223 1576 nstitit:

160 1635 279 1686 belibdrer,
292 1635 344 1677 c'est
353 1635 480 1678 reuoncera
495 1634 515 1677 la
532 1635 637 1682 victoire;
648 1634 664 1675 il
681 1634 728 1676 taut
743 1632 904 1688 qu'Hasdrubal

133 1697 176 1740 soit
184 1696 266 1739 detruit
274 1696 485 1751 avautqu'Hannibal
497 1697 584 1749 reeoive
599 1695 626 1737 de
642 1707 678 1737 ses
687 1694 809 1737 nouvelles.
820 1695 864 1744 Qua
884 1695 908 1738 le

133 1758 203 1864 :iffi
217 1759 247 1802 du
262 1758 346 1801 combat
356 1759 398 1801 soit
412 1757 484 1800 donna
500 1763 565 1799 avant
581 1769 625 1811 que
643 1755 746 1798 l’ennemi
758 1755 872 1797 connaisse
884 1755 905 1798 la

163 1925 197 1973 He
211 1922 431 1980 consiliumsuum,
445 1924 511 1987 quod
526 1929 610 1973 tutum
625 1923 739 1973 celeritas
747 1922 850 1980 lecisset,
868 1930 910 1973 te-

133 1995 271 2045 merarium
285 1996 403 2044 morando
416 1995 535 2044 lacerent.
551 1996 639 2043 limore
653 1994 703 2057 (qui
714 2007 763 2042 uon
772 1993 909 2043 diuturnus

134 2068 235 2116 iuturus
245 2065 316 2127 esset)
327 2065 395 2114 velut
404 2069 541 2127 torpentem
548 2064 716 2117 Hannibalem.
723 2077 769 2112 nec
776 2071 907 2115 castratam

134 2135 188 2186 sine
198 2135 260 2185 duce
270 2134 355 2184 relicta
363 2134 474 2197 aggredi,
482 2147 527 2182 nec
534 2135 564 2181 ad
573 2135 726 2194 sequendum
735 2147 760 2181 se
768 2134 817 2181 iter
825 2133 908 2182 inten-

135 2206 209 2254 disse.
222 2208 359 2266 Antequam
366 2219 391 2254 se
398 2210 503 2262 moveat,
513 2203 590 2252 deleri
603 2204 737 2252 exercitum
749 2203 908 2253 Hasdrubalis

134 2275 346 2337 posse,redirique
354 2275 381 2324 in
388 2275 508 2337 Apuliam.
517 2272 562 2328 Qui
571 2272 716 2335 prolatando
724 2275 831 2334 spatium
843 2275 907 2322 hosti

135 2346 184 2395 det.
202 2360 259 2395 eum
269 2352 293 2394 et
307 2345 351 2394 illa
363 2352 443 2394 castra
456 2343 560 2406 prodere
572 2342 711 2402 Hannibali,
733 2349 757 2391 et
766 2341 864 2404 aperire
881 2342 906 2391 in

136 2416 237 2464 Galliam
250 2417 305 2475 iter,
319 2423 348 2464 ut
359 2429 402 2478 per
414 2417 501 2470 otium,
515 2413 558 2462 ubi
565 2412 631 2469 velit,
645 2412 790 2462 Hasdrubali
802 2412 908 2474 conjun-

135 2493 217 2547 gatur.
232 2487 354 2549 Extemplo
365 2486 465 2547 signum
475 2484 584 2533 dandum
596 2489 621 2532 et
639 2485 748 2534 eundum
767 2484 793 2531 in
818 2482 906 2539 aciem,

135 2555 338 2619 abutendumque
345 2555 377 2618 (l)
384 2553 728 2604 errorehostiumabsentium
737 2552 908 2615 praesentium-

135 2679 156 2722 la
166 2678 263 2720 balance.
274 2677 385 2720 Plusiours
395 2676 506 2731 metapHo-
533 2675 590 2730 gimo
600 2675 720 2719 advenisse
731 2676 794 2730 (pour
803 2674 908 2718 auditio-

135 2742 205 2784 resde
227 2753 251 2783 ce
267 2742 321 2795 petit
340 2740 438 2783 discours
458 2744 507 2781 sont
532 2749 584 2780 nem
602 2749 632 2780 ou
650 2738 760 2780 nuntium
775 2736 907 2791 adventas),

135 2802 222 2858 puiades
231 2801 271 2844 ala
278 2803 349 2844 meme
359 2813 443 2843 source.
452 2800 506 2842 bans
533 2799 603 2842 imme
613 2798 634 2842 le
647 2798 704 2852 suiet
715 2799 744 2841 du
754 2798 820 2841 verbe
830 2800 909 2853 [actu-

132 2864 156 2905 la
161 2864 246 2917 phrase
257 2865 363 2916 suivante,
372 2863 392 2904 le
402 2862 507 2916 participe
533 2872 587 2903 amm
598 2860 658 2913 (eme)
670 2859 803 2902 victorium.

117 2929 203 2964 neue-e
215 2923 329 2966 auditum
346 2937 400 2968 erec
413 2935 455 2967 son
470 2923 507 2968 re‘·
560 2919 636 2965 elli.
670 2924 691 2964 l.
723 2921 792 2965 albati
822 2921 909 2977 signitas
