1904 3216
108 171 154 222 bid
300 212 303 217 .
413 171 574 223 bullionis

108 287 180 336 nobis
191 287 242 336 iter
252 299 332 348 usque
344 287 369 335 in
380 287 519 349 AEgyptum.
536 288 565 336 tt
580 291 617 344 tu,
629 286 673 348 qui
686 292 710 336 te
721 282 841 347 gloriaris
855 287 892 337 ad

107 360 217 408 latrones
233 358 419 420 persequendos
438 356 532 414 venire,
552 357 665 407 omnium
681 356 803 419 gentium,
820 371 891 420 quas

108 427 191 485 adisti,
209 428 272 476 latro
286 441 321 476 es.
334 426 436 489 Lydiam
448 425 546 489 cepisti;
561 425 656 489 Syriam
668 424 808 488 occupastia
821 427 892 475 l’er-

108 499 188 549 sidem
200 503 278 556 tenes;
286 495 429 546 Bactrianos
439 497 517 546 habes
526 496 553 546 in
562 502 694 560 potestate;
703 496 775 545 Indos
786 494 890 558 petisti;

106 568 158 631 iam
168 569 244 617 etiam
258 568 290 616 ad
300 581 390 631 pecora
401 574 486 617 nostra
496 581 581 617 avaras
591 574 617 617 et
628 565 781 616 insatiabiles
792 578 892 617 manus

108 638 226 702 porrigis.
240 638 303 695 Quid
315 639 360 688 tibi
370 638 466 688 divitiis
474 651 536 700 opus
548 644 593 693 est,
604 651 659 699 quae
668 637 764 687 esurire
771 636 891 698 cogunt?

13 749 17 755 .
109 709 208 758 Primus
219 709 333 758 omnium
343 709 455 758 satietate
471 708 563 770 parasti
575 709 679 766 lamem;
696 714 725 757 ut
738 719 789 770 quo
807 706 889 768 plura

108 780 221 836 haberes,
233 780 326 836 acrius,
339 792 394 841 quae
406 792 455 827 non
468 778 553 834 habes,
567 792 679 841 cuperes.
692 778 744 827 lton
755 777 891 828 succurrit

109 850 165 906 tihi,
176 863 252 912 quam
264 850 309 899 diu
320 850 415 899 circum
424 849 511 898 Bactra
521 849 633 898 baereasi
644 849 704 897 dum
715 848 771 898 illos
781 847 815 911 (3)
826 849 890 897 snb

109 919 169 982 igis,
182 920 300 982 Sogdiani
316 921 409 970 bellare
423 926 559 981 coepenmt.
572 920 666 969 liellum
677 919 725 968 tibi
735 932 764 968 ex
774 918 890 968 victoria

110 990 230 1040 nascitur.
244 990 304 1039 llam
314 996 344 1040 ut
355 990 436 1052 major
450 989 587 1051 fortiorque
600 991 643 1045 sis,
657 1003 732 1052 quam
739 987 890 1052 quisquam,

110 1066 193 1108 tamen
205 1059 370 1120 alienigenam
385 1059 514 1108 dominum
527 1058 580 1120 pati
592 1072 665 1108 nemo
674 1060 735 1108 vult.
804 1122 807 1128 ¹

140 1130 226 1180 Transi
247 1130 320 1179 medo
340 1129 439 1179 Tanaim
462 1144 468 1174 t
487 1129 551 1179 scies
574 1142 650 1191 quam
669 1129 719 1178 late
732 1135 824 1193 pateant
836 1129 887 1191 (ὓς

110 1214 238 1262 nunquam
253 1206 338 1250 tamen
355 1199 514 1261 consequeris
528 1199 637 1261 Scythas.
654 1200 788 1262 Paupertas
798 1205 889 1248 nostra

110 1270 219 1320 velocior
233 1271 281 1319 erit
288 1283 363 1333 quam
374 1270 497 1319 exercitus
503 1276 570 1327 tuus,
583 1270 627 1333 qui
637 1271 747 1332 praedam
756 1275 793 1319 tot
803 1270 889 1320 natio-

109 1353 172 1389 num
182 1341 260 1391 vehit.
274 1341 369 1390 Rursus
382 1354 460 1402 quum
470 1341 557 1402 procul
569 1341 653 1390 abesse
660 1354 705 1389 nos
712 1341 807 1397 credes,
817 1340 889 1390 ride-

106 1410 149 1459 bis
161 1411 188 1459 in
199 1411 251 1460 tuis
262 1411 359 1461 castris.
374 1411 464 1460 Eadem
471 1412 540 1460 enim
549 1412 679 1462 velocitate
690 1411 853 1475 assequimur
861 1419 888 1461 et

112 1478 231 1541 sugimus.
244 1482 391 1544 Scytharum
403 1481 551 1531 solitudines
562 1482 654 1531 Graecis
663 1481 738 1530 etiam
746 1481 888 1544 proverbiis

112 1550 185 1599 audio
197 1549 263 1599 eludi
277 1549 320 1612 (5).
336 1552 368 1598 dt
383 1563 430 1600 nos
448 1549 545 1600 deserta
559 1556 584 1600 et
597 1550 707 1600 humano
722 1551 792 1600 cultu
807 1561 889 1600 vacua

110 1620 189 1680 magis
201 1633 276 1682 quam
288 1620 363 1669 urbes
371 1624 399 1668 et
409 1621 540 1682 opulentos
547 1633 621 1682 agros
630 1621 766 1685 sequimur.
777 1620 889 1670 Proinde

111 1690 236 1738 fortunam
257 1695 326 1738 tuam
346 1690 438 1752 pressis
457 1688 573 1740 maumas
585 1697 643 1740 tene
660 1690 779 1741 :lubrica
789 1697 888 1741 estnec

111 1759 188 1809 invita
206 1760 286 1810 teneri
306 1763 396 1822 potest.
418 1761 520 1810 Salubre
536 1761 669 1810 consilium
683 1772 791 1824 Μῦς
807 1775 887 1824 quam

110 1842 219 1889 praesens
237 1836 335 1892 tempus
357 1831 464 1879 ostendit
480 1831 577 1880 melius.
594 1833 695 1893 Impone
710 1829 823 1880 felicitati
833 1836 888 1882 tuae
908 1844 911 1849 ·

110 1899 195 1949 henos
209 1917 215 1947 ε
227 1901 326 1950 facilius
338 1901 407 1949 illam
419 1914 498 1962 reges.
512 1900 594 1949 nostri
610 1901 666 1950 sine
682 1901 786 1963 pedibus
798 1902 888 1954 dicunt

111 1984 164 2020 esse
187 1971 330 2027 Fortunam,
351 1985 406 2034 quae
421 1985 511 2020 manus
531 1976 556 2020 et
572 1972 660 2033 pinnas
680 1978 777 2021 tautum
794 1972 888 2035 haben

111 2053 189 2101 quum
205 2055 294 2091 manus
312 2041 428 2103 porrigit,
452 2041 539 2100 pinnas
560 2055 659 2104 quoque
678 2041 889 2104 comprehendere

111 2125 162 2159 non
178 2112 247 2160 sinit.
261 2111 372 2173 lienique
384 2111 406 2160 si
417 2113 479 2160 deus
490 2126 523 2168 es,
537 2113 648 2162 tribuere
655 2114 803 2164 mortalibus
813 2115 890 2166 bene-

111 2181 167 2230 ficia
177 2183 261 2239 debes,
274 2195 325 2230 non
337 2196 382 2231 sua
393 2183 501 2245 eripere;
510 2183 551 2232 sin
560 2190 643 2232 autem
655 2184 729 2233 homo
741 2196 767 2233 es
776 2184 810 2241 (id
819 2188 889 2248 quod

111 2252 157 2313 es),
168 2265 266 2314 semper
278 2265 333 2301 esse
342 2258 367 2301 te
374 2253 464 2313 cogita.
476 2254 582 2303 Stultum
593 2261 630 2302 est
637 2268 725 2303 eorum
730 2254 889 2315 meminisse,

111 2329 214 2385 propter
227 2337 282 2385 quae
295 2323 332 2372 tui
339 2323 492 2373 oblivisceris
506 2324 549 2388 (6).
564 2325 658 2381 Quibus
665 2325 757 2375 bellum
764 2325 890 2377 nonintu·

111 2463 179 2507 liures
194 2464 221 2507 de
237 2463 316 2507 lustin.
335 2485 363 2496 -
379 2464 400 2506 5.
418 2463 482 2513 illos,
511 2464 565 2518 phes
578 2463 605 2506 de
621 2462 781 2513 Schneidewin,
791 2476 814 2518 p.
827 2463 888 2520 453.)

112 2525 144 2568 les
154 2525 247 2568 rebelles
257 2527 283 2568 de
301 2525 320 2568 la
336 2527 383 2569 rive
400 2527 483 2579 gauohe
510 2549 536 2557 -
546 2524 568 2568 6.
580 2525 718 2568 Stultum...
731 2524 888 2572 oblivisceris.

112 2590 139 2632 de
157 2587 261 2629 limante.
281 2610 307 2619 -
328 2585 350 2630 t.
375 2588 482 2638 Pateant,
511 2586 890 2640 LeScytheveutdira:C'estlolie

112 2650 191 2699 saron,
207 2647 338 2702 Scytha·
354 2648 375 2692 5.
386 2647 483 2690 Pruna·
512 2649 538 2690 de
556 2648 688 2690 renonceri
704 2659 730 2690 ce
746 2658 791 2702 que
808 2655 834 2692 tu
854 2663 889 2702 es,

112 2710 158 2754 biis
167 2709 241 2760 eludi,
250 2721 278 2752 ou
288 2722 317 2752 en
329 2709 360 2752 rit
374 2709 428 2752 dans
443 2709 483 2752 des
510 2722 566 2764 pour
588 2710 694 2752 chercher
711 2710 724 2752 i
743 2709 843 2764 pnraitre
863 2725 890 2756 cc

112 2772 230 2828 proverbes
261 2771 303 2815 tels
335 2784 378 2826 que
413 2775 483 2813 lautos
511 2784 554 2826 que
564 2777 588 2813 tu
598 2772 643 2813 n'es
653 2783 756 2826 paszpnr
765 2777 823 2815 cette
837 2781 888 2817 ten·

113 2844 195 2890 Ιρημία,
218 2840 331 2889 impensa<
353 2844 387 2885 τῆς
413 2838 484 2875 Σκυθῶν
513 2834 579 2874 tuiive
599 2839 622 2874 iu
644 2839 664 2874 tn
680 2838 735 2874 meis
754 2832 889 2880 aia-dessein

105 2904 196 2955 ιμμεις.
212 2895 271 2956 (loy.
286 2895 319 2942 les
337 2895 485 2951 Paremiogra-
512 2895 581 2937 nieme
592 2894 618 2938 da
628 2907 652 2938 ce
663 2906 706 2952 que
716 2900 740 2936 tu
750 2905 782 2937 cs.
