1904 3216
123 161 170 210 586
428 159 590 210 ouillotts

123 280 192 323 sunt.
207 274 267 322 llam
277 273 371 322 bellum
383 278 458 335 atquc
471 285 549 332 arma,
559 286 708 335 quamquam
726 274 793 324 vobis
805 275 892 333 invisa,

124 351 216 402 tamen,
230 344 289 406 quia
306 342 392 405 Lepido
411 342 518 405 placent,
534 344 653 391 sumenda
670 349 747 393 sunt:
759 344 807 393 uisi
827 346 895 395 forte

124 415 181 472 quoi
190 428 276 476 pacem
288 420 404 476 praestare
415 418 439 460 ot
453 413 547 462 bellum
562 412 614 474 pati
626 412 758 462 consilium
772 420 817 464 est.
829 415 895 466 Proh

123 486 148 534 di
156 487 224 544 boni,
234 489 277 549 qui
291 487 356 535 hanc
365 484 462 540 urbem,
475 484 566 533 omissa
579 498 638 533 cura
646 484 690 547 (l),
702 484 784 535 adhuc
797 487 892 547 tegitisl

122 556 152 605 ll.
162 557 286 616 AEmilius,
295 556 409 605 omnium
418 554 598 616 flagitiosorum
613 561 765 617 postremus,
773 555 815 619 qui
826 557 895 619 pejor

122 642 153 676 an
170 628 285 691 ignavior
298 628 331 677 sit
341 625 476 676 deliberari
489 638 538 673 non
548 632 638 687 potest,
655 627 793 676 exercitum
805 630 896 692 oppri—

123 699 222 748 mundae
240 697 363 747 libertatis
377 697 451 744 hahet
464 702 487 744 et
498 710 524 744 se
541 709 554 744 e
570 702 714 758 contempto
730 699 895 750 metuendum

122 768 208 818 ellecit
220 783 225 816 :
238 783 279 818 ros
295 772 435 817 mussantes
449 772 473 815 et
489 771 662 824 retractantes,
677 767 760 816 verbis
771 774 796 816 et
807 776 896 821 ratum

122 838 277 887 carminibus
286 850 371 900 pacem
381 835 473 898 optatis
483 836 562 897 magis
571 850 643 898 quam
656 837 798 894 defenditis,
814 853 896 902 neque

123 907 269 968 intellegitis
279 905 383 955 mollitia
393 905 551 954 decretorum
556 906 787 968 vobisdiguitateni,
794 907 832 956 illi
841 922 896 955 me-

122 987 178 1027 tum
184 977 294 1027 detrahi.
304 984 380 1038 atque
392 976 417 1024 id
429 974 496 1035 jure,
507 977 625 1038 quoniam
635 989 664 1024 ex
675 977 770 1038 rapinis
779 979 895 1026 consula-

121 1055 185 1097 tum.
201 1049 233 1097 ob
251 1048 398 1096 seditionem
414 1045 568 1108 provinciam
585 1061 642 1095 cum
660 1048 771 1096 exercitu
789 1049 895 1110 adeptus

122 1122 159 1165 est
169 1115 283 1178 (otuuid
296 1116 338 1164 ille
351 1117 382 1163 ol>
391 1116 527 1164 benefacta
537 1115 652 1176 cepisset,
662 1117 750 1180 quojus
759 1117 894 1167 sceleribus

123 1192 193 1234 tanta
203 1186 305 1249 praemia
319 1184 459 1234 tribuistis?
503 1218 507 1228 .

122 1367 149 1375 -
167 1343 187 1386 Ξ.
212 1342 299 1388 Omissa
324 1354 391 1394 cura,
409 1340 493 1394 mugio
520 1353 576 1396 pour
600 1354 735 1398 synonymae.
755 1343 784 1388 ll.
807 1344 892 1391 Nandet

123 1404 237 1447 l'abandon
248 1403 308 1458 (dans
318 1403 390 1459 lequel
400 1402 421 1445 le
431 1402 492 1445 sdnat
519 1404 590 1458 paruit
599 1403 688 1457 ignorer
696 1415 740 1459 que
755 1413 854 1457 souvent,
864 1419 894 1451 on

123 1465 188 1508 luisse
198 1465 218 1507 la
234 1465 382 1520 republique).
398 1463 425 1506 ll,
436 1464 492 1505 Nau·
520 1476 571 1518 grac
585 1471 607 1506 et
621 1477 650 1506 en
660 1464 720 1514 latin,
732 1464 752 1507 le
762 1465 819 1517 sujct
835 1468 892 1510 omis

122 1525 160 1569 ‹let
169 1528 239 1580 paruit
248 1526 392 1587 hlamercette
401 1525 494 1580 explica·
521 1527 567 1569 doit
585 1528 631 1569 dire
654 1526 744 1582 suppleti
766 1526 851 1580 d’apres
871 1528 892 1572 le

124 1589 177 1639 tion,
188 1589 206 1630 si
217 1588 261 1630 l’on
269 1594 322 1642 peut
331 1588 396 1630 soisir
404 1600 435 1630 un
444 1599 494 1630 sons
521 1600 571 1630 sens
581 1588 726 1642 gc'ndraldela
732 1589 811 1642 phrase
820 1602 825 1630 ε
835 1591 892 1633 ainsi

101 1678 103 1683 ·
123 1650 176 1692 dans
187 1663 211 1693 cc
223 1650 291 1692 latin:
304 1666 314 1688 ι
329 1648 402 1692 Potius
417 1655 450 1691 est
459 1661 495 1691 re·
522 1650 606 1692 omisso
620 1662 678 1692 curo
697 1656 747 1691 veut
766 1649 813 1692 diro
832 1663 892 1696 curu

123 1711 182 1754 terre
192 1720 214 1752 τό
224 1708 407 1753 omiraccuraad
417 1721 495 1764 quem·
521 1711 605 1754 omisso
622 1709 659 1765 (ab
676 1710 706 1753 iis
722 1723 821 1766 quorum
838 1715 893 1754 erut

124 1785 190 1828 quam
211 1773 279 1815 alium
295 1784 361 1827 quam
387 1771 413 1814 ad
432 1770 491 1814 deos.
521 1784 602 1814 curum
610 1774 749 1828 pererc):cc
757 1773 832 1814 devoir
840 1773 893 1815 «ituit

123 1834 220 1888 Namque
230 1834 286 1876 ratio
300 1834 385 1888 phrasis
399 1845 442 1875 nou
456 1844 493 1886 pa·
521 1833 578 1876 colui
589 1833 618 1875 du
629 1833 697 1883 sinat,
706 1833 893 1890 auquell‘liilippe

123 1895 177 1936 titur
194 1894 288 1937 inbiuos
306 1900 406 1937 auctores
424 1892 492 1935 dividi
520 1893 634 1936 s’adrcssc.
648 1892 678 1936 011
694 1894 811 1948 comprend
827 1894 891 1946 donc,

123 1957 261 2008 senteutiam,
277 1962 298 1998 et
312 1954 451 2006 subintelligi
466 1953 492 1996 ad
521 1956 536 1997 il
546 1962 579 1997 est
588 1955 674 1998 natural
690 1957 767 2006 mimo,
779 1957 844 2011 qu'au
855 1957 893 1999 do-

124 2019 241 2061 arhitrium
257 2017 287 2060 ab
300 2021 384 2060 senatu
394 2017 429 2060 vel
439 2016 492 2072 quid
520 2018 560 2060 but
576 2018 603 2060 do
617 2030 657 2060 son
666 2017 772 2069 discours,
788 2018 892 2060 l'orateur

123 2080 196 2122 simile
212 2081 235 2121 in
254 2079 295 2121 hoc
313 2079 418 2121 orationis
437 2079 491 2130 colo,
520 2079 571 2120 n'ait
588 2091 626 2132 pas
643 2077 768 2120 vouludirc
785 2090 843 2120 curo
860 2079 890 2121 cb

123 2141 208 2184 omisso
218 2154 283 2184 curo.
295 2139 382 2184 Omissa
393 2148 425 2182 est
435 2140 492 2182 idem
520 2142 604 2181 senatu
614 2138 706 2189 omisaa',
718 2147 740 2182 et
749 2140 803 2195 qu'll
816 2153 839 2182 se
849 2141 892 2183 soit

124 2210 189 2256 atque
206 2203 332 2245 remissa.»
348 2201 413 2243 Selon
423 2201 454 2243 lui
465 2202 492 2255 (si
521 2202 587 2251 servi,
597 2214 625 2243 au
640 2202 756 2252 contraire,
773 2201 838 2244 d'une
856 2216 892 2244 cx-

123 2265 225 2307 toutclois
231 2265 408 2318 jesuisparreuu
418 2264 493 2305 icom-
522 2263 703 2317 pressionvoilo'o,
713 2263 728 2305 il
737 2265 829 2314 estvrai,
837 2265 892 2307 mais

123 2326 217 2382 prendre
236 2338 274 2368 sou
300 2326 370 2379 latin),
394 2325 492 2380 Philippo
520 2337 563 2366 non
579 2324 650 2366 moins
668 2324 735 2366 claire
748 2332 770 2367 et
787 2326 892 2380 pariaite-

123 2388 271 2431 s’adrosseralt
282 2388 337 2430 ainsi
354 2400 395 2429 aur
412 2387 491 2430 dicun:
520 2392 580 2426 ment
590 2384 786 2438 intelligible.-3.
795 2385 892 2428 Provin-

122 2451 212 2493 ildicux
226 2450 378 2504 clirnontsqui
393 2450 493 2504 protogez
520 2445 582 2488 ciam
599 2458 651 2488 cum
665 2446 768 2489 exercitu
788 2446 888 2502 adeptus

123 2526 210 2564 encore,
220 2513 275 2555 mais
285 2511 440 2554 areciroideur
449 2513 493 2565 (re-
521 2511 561 2549 est·
573 2510 588 2549 Α
601 2520 666 2550 causo
683 2507 710 2550 dc
727 2520 767 2550 sou
783 2508 890 2552 ucharne-

124 2573 345 2626 mirsacurul,cctto
361 2573 494 2616 rillch'est
520 2576 581 2612 mont
598 2577 672 2612 contro
691 2570 723 2612 les
747 2570 788 2613 lois
811 2569 891 2613 Cornd-

123 2650 153 2677 nu
161 2637 264 2690 scrupulo
270 2634 417 2688 graiumatical
422 2634 492 2689 quil'a
520 2631 612 2682 liennes,
622 2630 715 2685 Lo'pidus
724 2632 782 2674 avait
792 2644 847 2685 recu
861 2633 891 2676 du

123 2697 210 2739 coiiduit
222 2699 233 2739 i
244 2709 287 2739 uuo
296 2697 425 2751 explication
435 2697 493 2738 aussi
520 2693 582 2734 sinat
591 2692 670 2734 l'ordrc
680 2693 707 2734 de
717 2706 741 2735 so
748 2693 828 2736 rendre
837 2694 891 2737 dans

124 2755 492 2811 otrange‚ot1ndmeinadmissible;
521 2770 544 2799 sa
554 2758 663 2811 proriucc¹
680 2756 700 2799 la
714 2757 780 2800 Gaulo
795 2757 892 2801 Narbon·

123 2830 160 2859 car
170 2817 190 2858 la
202 2818 280 2870 langue
291 2830 318 2859 nc
328 2824 412 2872 pormet
422 2817 494 2871 pusde
521 2820 594 2872 nnisc;
606 2820 662 2861 mais
676 2818 692 2861 il
705 2820 770 2863 n'alla
786 2833 830 2875 quc
843 2822 891 2876 jus-

118 2880 217 2934 prcudre
233 2880 329 2924 omissus
346 2887 367 2922 et
386 2879 495 2922 remissus
521 2879 587 2934 qu'ou
604 2870 700 2933 Etruria,
718 2881 746 2922 od
763 2880 779 2922 il
790 2880 836 2923 lova
847 2893 890 2924 uno
