1904 3216
92 256 139 308 tot
403 253 563 309 olto-tltottts

88 370 235 429 audiebatis,
248 375 353 420 narrant
359 385 366 428 ;
388 382 429 418 vos
447 376 592 432 ceterasque
605 368 719 418 civitates
732 376 757 418 et
775 375 862 430 gentes

88 456 160 492 suam
180 446 272 492 sectam
290 454 343 489 esse
359 444 490 489 secuturos
504 455 510 486 ε
524 440 863 505 rexcontrapeditumequi·

89 521 192 576 tumque
206 511 285 561 nubes
296 510 381 572 jactat,
396 515 420 559 et
426 510 563 560 consternit
571 511 650 560 maria
662 510 714 560 suis
728 511 859 561 classibus.

90 583 132 633 list
144 587 228 632 autem
244 594 283 631 res
298 579 507 630 simillimacoenae
516 579 682 632 Chalcidensis
688 580 793 646 hospitis
801 581 861 640 mei,

89 651 198 701 hominis
208 658 233 700 et
242 650 302 699 honi
324 655 350 699 et
366 649 422 699 sciti
436 651 607 701 convivatoris.
632 651 703 714 Apud
720 665 795 715 quem
813 652 863 701 sol-

90 723 177 772 stitiali
194 728 307 785 tempore
325 718 357 784 (ἓ)
372 720 476 770 comiter
491 721 583 783 accepti
604 736 683 783 quum
700 725 861 781 miraremur,

91 792 157 841 unde
167 790 206 840 illi
219 804 248 839 eo
257 796 368 852 tempore
380 789 439 838 anni
448 795 501 839 tam
519 791 598 839 multa
613 796 639 840 et
658 792 727 841 varia
748 791 862 850 venatio;

91 865 165 914 homo
178 878 236 921 non,
248 876 324 927 quam
338 862 381 912 isti
392 868 460 919 sunt,
474 863 597 924 gloriosus
606 864 648 928 (5),
663 864 789 924 renidens,
803 879 864 915 con-

91 935 217 990 dimentis,
232 933 275 991 ait,
285 932 427 982 varietatem
438 933 506 982 illam
518 941 542 982 et
558 933 665 996 speciem
682 934 769 983 ferinae
780 934 863 984 carnis

26 1019 28 1023 ·
93 1019 122 1054 ex
131 1009 259 1054 mansueto
271 1017 316 1054 sue
328 1004 428 1053 iactam.
450 1003 499 1053 lloc
513 1003 563 1052 dici
574 1010 629 1066 apte
645 1005 672 1053 in
689 1005 772 1067 copias
786 1005 862 1066 regis,

92 1088 149 1138 quae
164 1075 249 1138 paullo
264 1081 321 1124 ante
332 1074 432 1136 jactatae
442 1074 502 1133 sint,
517 1088 595 1137 posse.
612 1075 683 1124 laria
694 1075 760 1124 enim
772 1088 864 1137 genera

93 1159 229 1205 armorum,
238 1151 263 1195 et
271 1146 350 1194 multa
359 1143 458 1193 nomina
466 1145 577 1205 gentium
588 1146 766 1204 inauditorum,
776 1147 863 1203 Dahas,

93 1225 118 1266 et
129 1217 217 1275 lledos,
230 1221 255 1265 et
264 1215 390 1272 Cadusios,
401 1222 426 1264 et
436 1215 554 1277 Elymaeos
567 1215 609 1279 ll),
622 1217 694 1277 Syros
701 1229 785 1265 omnes
792 1230 862 1266 esse:

94 1290 159 1338 haud
176 1288 261 1351 paullo
275 1285 455 1347 mancipiorum
470 1285 568 1342 melius,
579 1293 680 1348 propter
688 1286 786 1335 servilia
795 1286 866 1348 inge·

94 1360 146 1416 nia,
160 1371 236 1420 quam
253 1357 362 1406 militum
382 1369 471 1418 genus.
487 1355 515 1402 llt
530 1356 626 1424 utinam
642 1357 765 1419 subjicere
784 1358 865 1408 oculis

62 1432 65 1445 “
94 1428 192 1484 vestris
208 1425 297 1482 dchaei,
311 1439 408 1487 possem
428 1421 641 1475 concursationem
661 1427 727 1488 regis
741 1428 824 1488 magni
834 1429 864 1477 ah

94 1497 258 1556 Demetriade,
268 1509 335 1545 nunc
348 1495 455 1544 lamiam
466 1494 491 1543 in
501 1495 634 1545 concilium
643 1496 785 1555 AEtolorum,
798 1510 865 1548 nunc

95 1567 245 1618 Chalcidem!
256 1564 422 1615 Videretisvix
431 1565 538 1613 duarum
546 1566 610 1613 male
623 1567 753 1628 plenarum
767 1566 866 1628 legiun-

95 1638 210 1686 cularum
223 1635 302 1683 instar
314 1634 339 1682 iu
354 1634 441 1684 castris
453 1633 520 1696 regis
534 1651 540 1681 :
554 1635 673 1683 videretis
687 1648 782 1695 regem,
798 1650 866 1687 nunc

94 1706 275 1756 mendicantem
285 1705 529 1772 propesrumentum
541 1706 571 1753 ab
591 1705 686 1762 AEtolis,
704 1707 769 1769 quod
790 1707 866 1758 militi

94 1777 253 1830 admetiatur;
277 1789 345 1824 nunc
358 1781 457 1824 mutuas
481 1778 599 1838 pecunias
614 1777 708 1826 foenore
726 1777 752 1825 in
768 1778 866 1840 stipen-

96 1849 165 1898 dium
178 1851 347 1909 quaerentem;
361 1859 427 1895 nunc
444 1846 565 1907 adportas
580 1847 701 1897 Chalcidis
715 1855 829 1905 stantem,
840 1856 867 1900 et

95 1928 152 1968 mox
162 1918 221 1968 indo
236 1918 372 1975 exclusum,
383 1916 447 1966 nihil
469 1917 537 1966 aliud
551 1931 626 1979 quarn
640 1917 671 1982 (5)
689 1919 775 1968 Aulide
792 1927 866 1982 atque

97 1991 187 2055 Euripo
200 1988 323 2052 spectatis,
339 1988 366 2036 in
379 1987 491 2036 AEtoliam
509 1989 661 2038 redeuntem.
675 1990 735 2038 llale
752 1990 867 2039 credide-

97 2068 156 2112 runt
168 2066 193 2111 et
206 2059 339 2110 Antiochus
358 2057 442 2108 dltolis
457 2062 483 2108 et
500 2058 573 2108 AEtoli
595 2058 673 2121 regiae
685 2060 798 2110 vanitati.
815 2060 866 2114 Ouo

97 2135 179 2183 minus
187 2145 230 2181 vos
241 2130 322 2192 decipi
333 2129 436 2188 dehetis,
448 2131 492 2179 sed
504 2134 610 2192 experte
620 2131 692 2181 toties
703 2135 866 2192 spectataque

97 2206 263 2253 Romanorum
273 2201 331 2251 ildei
346 2201 453 2250 credere.
468 2201 527 2249 Nam
541 2202 608 2262 quod
621 2202 744 2262 optimum
759 2215 811 2250 esse
824 2200 865 2249 di-

98 2279 152 2324 cant
164 2273 206 2337 (oi,
221 2286 270 2322 non
279 2271 403 2334 interponi
415 2284 454 2321 sos
465 2272 531 2320 bello
545 2287 550 2320 :
567 2270 630 2319 nillil
638 2271 687 2320 imo
696 2277 746 2319 tam
758 2271 867 2320 alienum

99 2372 242 2429 chezlapud)
259 2372 291 2415 los
307 2370 411 2420 Achaeus,
429 2370 467 2426 qui
494 2370 560 2414 d'une
583 2383 692 2427 personne
714 2373 741 2414 ut
759 2372 793 2413 eat
810 2383 867 2426 pour

99 2439 130 2478 los
146 2434 305 2478 connaissaient
315 2433 357 2476 tort
370 2431 429 2475 hieu.
441 2455 468 2464 -
495 2431 573 2486 qualis
583 2435 623 2475 eat.
641 2456 668 2464 -
684 2431 704 2475 t.
722 2431 805 2482 Doleas,
825 2432 867 2475 Ca-

98 2498 118 2541 2
138 2495 265 2538 Solstitiali
282 2496 390 2550 tempore,
412 2493 468 2536 s’cn·
495 2494 573 2537 dusios
586 2494 706 2550 Elymaeos,
721 2493 812 2548 peuples
823 2505 866 2548 que

33 2571 35 2575 ·
97 2557 157 2607 tend,
177 2570 204 2600 eu
229 2557 292 2608 latin,
317 2557 416 2611 toujours
438 2555 468 2597 du
495 2554 865 2605 l'eleveavutlansouiute-Curce.

99 2621 186 2663 solstice
205 2620 232 2663 do
251 2618 308 2662 lete.
328 2642 354 2650 -
371 2618 392 2659 5.
411 2616 467 2667 Non,
495 2618 564 2662 Hvtud
577 2619 661 2674 paullo
678 2618 771 2669 melius,
789 2619 867 2672 phrase

99 2694 169 2739 quam
196 2682 237 2725 isti
261 2683 323 2733 aunt,
347 2679 467 2737 ploriosus,
496 2680 595 2735 eligente
615 2692 671 2734 pour
685 2678 759 2721 multo
775 2677 865 2722 melius.

33 2781 35 2785 ⁴
99 2745 284 2802 ponrnonitam)
298 2755 405 2799 quamon
422 2754 469 2786 non
495 2767 522 2774 -
544 2742 564 2786 5.
585 2740 649 2784 Ntttt
672 2738 739 2783 atiud
762 2752 865 2794 quom...

101 2805 209 2861 (tuntum)
225 2807 339 2860 quantum
355 2802 467 2845 istisunt.
497 2816 553 2859 pour
571 2806 694 2859 postquam
715 2801 776 2845 nittt
800 2801 868 2844 aliud

99 2873 127 2914 On
141 2879 195 2927 peut
214 2871 272 2913 aussi
289 2869 383 2926 prendre
399 2862 469 2923 quam
496 2868 575 2918 eperat
587 2877 656 2919 quum
670 2863 778 2907 Aulidem
790 2866 812 2905 el
822 2864 868 2906 llu-

83 2946 147 2987 pour
164 2932 253 2990 qualis,
273 2930 387 2977 l’adverbo
413 2943 470 2988 pour
496 2927 577 2985 ripum
595 2926 707 2981 spectare.
726 2947 753 2956 -
770 2925 790 2967 6.
811 2926 868 2969 Num

86 2995 194 3052 'adJectln
207 2997 236 3042 de
252 3000 329 3043 memo
350 2995 421 3055 qu'on
440 2994 475 3040 dit
503 2990 566 3050 quod
580 2988 699 3046 optimum
719 2999 765 3030 evae
788 2986 879 3038 dicunt.
