1906 3690
205 545 244 595 EX
260 544 352 594 incili
367 541 561 593 ulsionlluoll
578 543 664 593 muno
681 543 719 594 IV·
804 545 850 595 lot

85 658 113 701 ils
123 657 156 702 les
168 658 276 702 achillem.
287 657 315 700 la
329 667 424 710 courage
437 655 476 699 des
489 656 578 699 aucians
592 656 702 709 Romaim,
712 656 746 700 les
757 657 852 703 devoua·

86 726 156 764 ments
164 720 261 763 celebres
268 719 307 762 des
314 715 377 760 cilios
388 716 415 759 dc
424 716 499 768 Rome,
507 717 620 772 l'eremple
633 717 672 761 das
681 722 755 761 autres
766 717 852 774 le'gious

84 781 111 823 de
122 782 143 823 la
153 780 228 832 Gaule,
246 779 385 822 l'sboudauce
396 777 449 821 daus
461 777 483 820 le
495 790 565 833 camp,
580 778 601 821 la
615 778 676 822 force
692 778 719 822 de
731 779 792 823 leurs
803 794 852 824 mu-

85 842 167 893 radies,
182 847 229 885 tout
241 841 287 884 cela
298 853 326 883 ue
337 840 388 882 leur
399 838 550 893 inspirera-t-il
561 850 600 894 pas
611 839 632 882 la
644 839 725 895 penses
742 839 770 883 de
782 853 805 884 sc
815 841 853 885 de·

85 903 159 946 leudre
168 915 195 946 en
202 903 313 946 attendant
322 901 353 944 du
362 903 468 944 sacourst
477 923 503 933 -
510 899 583 944 Est-ce
594 900 703 944 laurclref
709 902 748 956 qui
756 901 805 945 leur
815 901 852 944 dd·

86 965 151 1017 plait?
161 964 229 1014 Qu'ils
236 977 264 1007 eu
272 964 387 1006 elisentun
396 965 468 1014 autre,
480 961 551 1018 plutdt
563 974 606 1017 que
615 962 642 1005 de
649 962 752 1005 s'ollrird
762 965 852 1008 envahir

86 1024 161 1067 l'ilalie
172 1027 184 1067 a
195 1024 215 1068 la
229 1027 287 1068 suita
297 1025 350 1067 d’un
362 1023 414 1067 chel
426 1023 454 1066 de
465 1023 560 1068 rebelles
577 1025 670 1078 guulois,
683 1025 754 1080 plutot
766 1037 810 1080 que
825 1026 852 1070 de

85 1087 205 1130 combuttra
213 1087 288 1137 nome.
303 1099 347 1142 que
356 1087 384 1130 de
393 1099 417 1129 se
431 1086 486 1129 loire
498 1086 531 1129 les
539 1086 646 1130 satellites
659 1087 698 1130 des
707 1087 853 1130 barbares.-

85 1150 129 1200 Que
141 1151 232 1206 Jupiter,
249 1151 284 1192 s’il
299 1163 327 1193 ne
344 1157 396 1193 veut
413 1162 451 1204 pas
471 1162 551 1193 sauver
561 1151 582 1192 la
596 1162 659 1205 camp
667 1151 754 1193 romain
768 1163 807 1206 par
820 1152 853 1195 les

86 1213 155 1254 maius
164 1212 191 1254 de
200 1212 286 1263 Vocula,
300 1224 367 1255 saure
382 1225 424 1254 aux
440 1211 521 1254 soldats
534 1212 553 1254 la
566 1212 632 1255 horte
644 1212 672 1255 de
686 1212 707 1266 lc
717 1213 765 1255 voir
773 1213 853 1256 souilic

85 1286 124 1329 par
137 1287 168 1316 un
174 1273 242 1317 Tutor
252 1281 273 1316 et
285 1287 316 1316 uu
326 1273 432 1316 Classicus
441 1274 509 1329 3qu'il
518 1275 601 1328 change
612 1274 662 1317 leur
671 1281 853 1331 coeuravautque

84 1336 106 1378 le
114 1336 182 1379 criine
195 1336 237 1378 soit
250 1334 382 1378 consumme.

116 1453 246 1515 Nunquam
256 1451 321 1514 apud
329 1464 371 1501 vos
381 1450 454 1499 verba
462 1450 508 1499 leci
524 1457 565 1500 aut
573 1465 620 1513 pro
632 1452 702 1501 vobis
712 1452 851 1514 sollicitior,

85 1530 128 1574 eut
137 1535 228 1584 prome
240 1521 360 1571 securior.
370 1521 430 1568 dam
442 1519 504 1568 mihi
513 1520 617 1569 exitium
627 1522 712 1583 parari
723 1523 853 1573 libensau-

85 1593 141 1649 dio;
154 1599 309 1654 mortemque
321 1592 347 1639 in
356 1598 393 1639 tot
403 1591 475 1639 malis
487 1590 616 1654 [hostium]
624 1592 656 1667 (l)
665 1593 853 1643 utfinemmise-

86 1664 180 1713 riarum
190 1668 309 1724 exspecto.
325 1661 403 1711 Vestri
418 1675 458 1709 me
468 1661 546 1723 pudct
560 1661 720 1724 miseretque,
735 1664 853 1714 adversus

85 1747 204 1797 quosnon
216 1732 332 1795 proelium
344 1740 369 1781 et
381 1731 445 1780 ecies
456 1737 576 1793 parantur
589 1748 595 1778 :
606 1731 632 1780 id
643 1732 711 1781 enim
724 1732 762 1782 las
772 1747 853 1784 armo-

85 1814 152 1857 rum,
166 1808 191 1852 et
197 1804 237 1865 jus
251 1802 359 1851 hostium
370 1801 403 1867 (l)
410 1807 456 1851 est.
468 1801 563 1850 Bellum
574 1815 631 1850 cum
642 1801 735 1865 populo
745 1804 853 1853 Romano

85 1873 175 1923 vestris
188 1887 214 1921 se
222 1870 594 1932 manibusgesturumdlussicus
605 1877 695 1934 sperat,
707 1871 854 1935 imperium·

85 1958 133 2005 qne
153 1951 177 1993 et
196 1947 377 1992 sacramentum
397 1941 531 1991 Galliarum
549 1946 663 1991 ostentat.
684 1942 748 1992 ldeo
762 1958 816 2002 nos,
830 1945 852 1994 si

85 2014 215 2065 fortunain
224 2011 588 2075 praesensvirtusquedeseruit,
596 2012 671 2061 etiam
681 2021 764 2063 vetera
772 2029 853 2064 exem-

86 2089 126 2149 pla
136 2085 262 2142 deliciunt,
272 2083 369 2145 quoties
380 2084 494 2131 Romanae
501 2082 610 2144 legiones
615 2082 699 2145 perire
706 2092 854 2146 praeoptave-

86 2156 145 2212 rint,
156 2169 187 2203 ne
193 2155 245 2204 loco
250 2152 417 2216 pellerentur?
427 2152 490 2201 Socii
496 2165 560 2213 saepe
565 2152 645 2200 nostri
654 2153 763 2201 exscindi
778 2155 853 2204 urbes

86 2240 141 2274 suas
147 2238 221 2285 seque
230 2222 438 2285 cumconjugibus
443 2235 471 2271 ae
479 2221 675 2271 liberisciemari
686 2223 851 2284 pertulerunt;

86 2306 164 2354 ireque
174 2292 240 2340 aliud
251 2289 358 2353 pretium
365 2288 445 2338 exitus
457 2301 532 2350 quam
541 2288 603 2338 fides
613 2289 853 2352 famaquel'olerani

86 2376 163 2425 quum
170 2362 275 2410 maxime
288 2360 398 2422 inopiam
405 2358 583 2420 obsidiumque
595 2358 661 2422 apud
675 2360 760 2408 Vetera
771 2361 804 2422 (5)
818 2361 853 2410 le-

86 2434 180 2494 giones,
200 2445 246 2481 nec
258 2438 354 2481 terrore
368 2437 411 2481 aut
437 2430 560 2492 promissis
576 2431 736 2479 demorentur
753 2432 852 2490 :nobie

86 2502 473 2565 superarmaetvirosetegrcgia
491 2502 852 2562 castrorummunimenta,lru-

86 2582 195 2623 mentum
205 2581 230 2623 et
240 2580 390 2622 commeatus
401 2575 506 2638 quamvis
525 2575 598 2635 longo
607 2573 672 2622 bello
684 2588 764 2636 pares.
778 2575 853 2624 Pecu-

86 2646 128 2693 nia
136 2645 294 2706 nuperetiam
303 2643 416 2692 donativo
428 2643 535 2708 suilecit;
550 2644 616 2706 quod
626 2643 677 2692 sive
685 2658 700 2692 a
708 2644 853 2707 Vespasiano

86 2716 157 2764 siren
170 2714 266 2763 Vitellio
274 2715 358 2762 datum
364 2714 517 2777 interpretari
533 2713 656 2773 mavultis,
664 2713 694 2762 ab
705 2714 853 2776 Imperatore

86 2793 154 2835 certe
167 2786 275 2834 Romano
295 2784 434 2847 accepistis.
451 2786 494 2835 l'ot
512 2785 636 2832 bellorum
654 2784 768 2843 victores,
788 2786 853 2848 apud

86 2857 218 2906 Geldubam
232 2855 276 2918 (4),
288 2854 354 2918 apud
369 2854 463 2911 Vetera,
473 2854 531 2904 fuso
547 2855 621 2905 toties
632 2856 702 2904 hoste
728 2856 750 2903 si
762 2857 853 2920 pavetis

111 3017 152 3059 Lil.
165 3018 184 3058 l.
204 3017 332 3072 [Hostium],
346 3021 390 3058 mot
407 3028 456 3058 cor
481 3014 586 3070 petatium
609 3014 656 3069 (jus
677 3015 740 3059 inter
759 3018 851 3072 pentec).

85 3091 164 3134 rompu
182 3091 224 3133 que
243 3078 286 3121 l'on
304 3084 356 3133 peut
381 3090 455 3133 passer
481 3077 536 3120 -5.
561 3077 640 3120 Vetera
661 3077 852 3131 (cenomanica),

85 3153 135 3182 sans
144 3153 187 3194 quc
197 3141 243 3183 cela
253 3142 316 3183 nuise
325 3154 353 3183 au
363 3153 420 3182 sens.
431 3162 455 3170 -
482 3139 534 3181 ville
539 3139 566 3181 de
573 3138 594 3181 la
601 3137 852 3195 Belgique,aujounl'hui

85 3198 105 3241 2.
130 3199 172 3242 lua
197 3201 304 3251 nostium,
323 3200 456 3244 c'est-idira
483 3200 700 3256 deuteronomos
715 3200 742 3245 de
757 3200 851 3245 Sortem

86 3260 151 3303 inter
160 3261 242 3315 hostes,
251 3272 372 3308 cummeon
382 3261 466 3317 ditjau,
483 3281 510 3292 -
527 3261 547 3305 t.
573 3261 688 3314 Gelduba.
708 3266 761 3309 ville
778 3263 808 3305 de
831 3264 859 3304 ia
