1904 3216
132 213 179 262 496
440 211 601 262 blanoilus

133 325 265 389 quisquam
277 325 385 376 alienum
396 326 527 376 servitium
536 332 561 375 et
570 324 765 376 dominationem
773 324 824 375 sibi
840 338 908 376 con·

133 396 234 458 cupivit,
249 403 336 445 utnon
348 396 433 446 eadem
445 396 492 446 ista
501 396 618 447 vocabula
628 401 771 460 usurparet.

163 467 246 528 Regna
260 466 372 528 bellaque
383 481 428 529 per
440 465 527 517 Gallias
537 479 635 529 semper
649 466 728 523 luere,
738 465 818 515 donec
827 463 908 516 inno-

133 544 213 585 strum
222 536 264 600 jus
275 537 454 588 concederetis.
468 539 523 594 Nos.
537 550 678 600 quanquam
691 536 765 586 toties
783 535 906 597 lacessiti,

131 606 188 669 jure
198 604 308 655 victoriae
320 606 346 655 id
355 607 436 656 solum
449 605 519 658 vobis
529 605 678 664 addidimus,
690 619 740 668 quo
751 618 840 669 pacem
849 611 908 656 tue·

133 689 235 725 remur:
246 688 304 724 nam
315 690 396 739 neque
407 677 478 738 quies
483 676 597 739 gentium
607 675 661 726 sine
673 675 759 732 armis,
769 688 854 738 neque
866 689 908 727 aa*-

133 758 173 792 ma
184 744 238 793 sine
249 744 389 806 stipendiis,
401 759 482 808 neque
496 745 619 807 stipendia
630 744 685 794 sine
699 743 803 794 tributis
815 745 908 796 haberi

134 819 236 876 queunt.
250 814 333 863 Cetera
343 814 369 863 in
374 815 500 864 communi
508 815 556 864 sita
568 819 626 864 sunt
638 815 686 879 til:
699 813 747 877 ipsi
757 813 908 878 plerumque

133 885 273 947 legionibus
284 887 377 937 nostris
388 885 543 948 proesidetis;
558 885 606 948 ipsi
622 886 667 934 has
683 885 793 947 aliasque
804 886 909 947 provin·

134 956 184 1003 cias
193 956 282 1017 regitis
292 973 298 1014 ;
309 957 374 1005 nihil
383 962 526 1017 separatum
537 955 689 1004 clausumve.
700 955 728 1003 lit
748 955 909 1006 laudatorum

134 1026 277 1088 principum
285 1041 345 1075 usus
353 1041 381 1075 ex
387 1040 466 1089 equo,
477 1025 589 1089 quamvis
596 1026 683 1088 procul
689 1025 819 1086 agentibus
831 1027 908 1077 :saevi

133 1097 252 1157 proximis
262 1097 392 1159 ingruunt.
402 1097 526 1154 Quomodo
536 1096 692 1146 sterilitatem
704 1101 748 1144 aut
756 1096 854 1146 nimios
861 1096 909 1146 im-

134 1166 191 1215 bres
200 1172 313 1217 etcetera
326 1172 423 1216 naturae
435 1168 506 1223 mala,
520 1165 555 1216 ita
565 1165 652 1214 luxum
662 1165 701 1214 vel
712 1165 846 1215 avaritiam
866 1167 911 1217 do·

134 1237 283 1287 minantium
292 1239 408 1287 tolerate:
421 1237 480 1287 vitia
491 1241 573 1291 erunt,
585 1235 783 1285 donechomines
794 1251 801 1293 ς
811 1237 858 1286 sed
867 1250 911 1286 ne·

134 1323 181 1371 que
197 1309 249 1357 haec
262 1309 387 1366 continua,
401 1314 426 1357 et
445 1307 577 1356 meliorum
592 1308 733 1356 interventu
747 1311 908 1368 pensantur:

134 1380 183 1428 nisi
195 1380 259 1429 forte
270 1381 359 1429 Tutore
373 1386 398 1429 et
410 1379 516 1430 Classico
524 1376 688 1439 regnantibus
698 1376 854 1427 moderatius
862 1377 912 1427 im·

134 1448 232 1510 perium
243 1448 357 1511 speratis,
367 1454 410 1497 aut
419 1447 559 1497 minoribus
571 1460 646 1508 quam
654 1445 829 1495 nunctributis
836 1460 912 1509 para

134 1518 358 1568 huntnrexercitus
366 1518 457 1581 quibus
469 1517 582 1566 Germani
591 1515 754 1580 Britannique
759 1522 909 1568 arceantur.

131 1592 192 1640 Nam
204 1590 282 1651 pulsis
292 1589 368 1652 (quod
380 1588 415 1638 dii
427 1588 586 1650 prohibeant)
608 1589 736 1648 Romanis,
751 1586 814 1650 quid
836 1588 913 1641 aliud

132 1672 205 1722 qaam
210 1660 273 1708 bella
281 1659 469 1719 onmiuminter
479 1671 505 1706 se
514 1656 628 1719 gentium
635 1657 751 1707 exsistent
761 1656 814 1719 (dli
826 1659 912 1709 octin-

134 1737 266 1794 gentorum
278 1744 400 1780 annorum
412 1733 512 1780 fortuna
523 1730 703 1793 disciplinaque
714 1741 848 1791 compages
854 1731 911 1781 haec

133 1802 233 1859 coaluit,
243 1815 299 1864 quae
309 1802 413 1851 convelli
424 1802 479 1851 sine
491 1801 566 1851 exitio
582 1800 772 1850 convellentium
789 1813 843 1850 non
859 1815 910 1864 po-

134 1879 196 1930 test;
209 1872 252 1921 sed
263 1873 332 1922 vobis
344 1873 479 1920 maximum
491 1871 635 1928 discrimen,
651 1884 727 1932 penes
738 1884 800 1933 quos
813 1886 910 1922 aurum

135 1949 159 1991 et
172 1956 239 2004 opes,
252 1943 386 2005 praecipuae
395 1943 517 1992 bellorum
535 1955 623 1991 causae.
644 1940 750 1990 Proinde
771 1954 865 2003 pacem
883 1949 910 1994 et

134 2013 232 2069 urbem,
245 2027 320 2074 quam
331 2013 390 2061 victi
400 2013 557 2074 victoresque
573 2012 658 2061 eodem
673 2012 730 2074 jure
750 2011 907 2074 obtinemus.

134 2090 219 2140 amate,
230 2082 313 2132 colite.
324 2083 435 2132 Moneant
445 2095 487 2131 vos
496 2082 628 2144 utriusque
633 2082 739 2132 fortunae
744 2081 907 2143 documenta,

133 2257 193 2300 Jules
203 2256 275 2301 Cdsar.
289 2280 315 2289 -
326 2257 346 2301 3.
361 2257 390 2301 ln
404 2268 503 2299 commu·
530 2254 586 2298 donc
597 2255 642 2297 vrai
659 2262 703 2309 que
719 2253 741 2297 lc
754 2254 867 2300 maiutien
880 2258 908 2303 dc

135 2316 160 2358 ni
170 2315 218 2358 situ
232 2319 294 2368 aunt,
308 2328 338 2359 en
349 2327 401 2369 gree
413 2323 431 2357 tv
448 2325 502 2366 aaran
530 2314 780 2371 lcurcmpiredtaitunc
791 2316 910 2364 ebosedd-

134 2388 202 2428 aaran,
226 2388 281 2431 pour
307 2375 372 2421 nobis
394 2379 417 2418 et
440 2374 503 2417 vobis
530 2376 611 2420 sireble
626 2390 683 2432 pour
698 2378 839 2422 lesnations.
853 2378 909 2426 linis

135 2435 264 2481 communia
274 2442 339 2481 sunt.
354 2461 381 2469 -
393 2438 414 2482 d.
427 2436 503 2480 Pulsis
530 2453 554 2484 ce
567 2439 673 2482 maintien
688 2450 716 2481 no
731 2438 853 2494 ddpeudait
867 2454 909 2498 pas

134 2503 267 2545 Romame...
282 2501 342 2544 bella
354 2500 455 2544 carnium
466 2500 503 2541 in·
531 2501 558 2545 ‹le
568 2501 588 2544 la
596 2500 772 2544 soumissiondcs
783 2500 908 2550 Gauloisni

47 2568 49 2574 ’
135 2568 171 2607 ter
189 2575 212 2607 se
231 2564 336 2619 pontium
360 2562 467 2606 existent.
480 2562 504 2605 Je
531 2562 559 2606 ‹le
576 2563 630 2607 celle
651 2564 689 2606 des
713 2569 787 2606 autres
810 2565 908 2623 peuplns

134 2625 248 2680 rcproduis
261 2625 291 2668 les
302 2624 432 2668 excellentes
441 2636 504 2678 paro·
531 2627 622 2681 conquis
635 2637 640 2667 :
653 2625 669 2667 il
686 2636 714 2666 nc
728 2623 849 2679 dependula
865 2639 910 2684 qm

135 2685 165 2726 les
180 2685 206 2728 dc
222 2685 247 2726 ll.
263 2685 360 2727 Barnous
369 2699 374 2726 :
389 2701 399 2722 ι
411 2684 451 2727 Les
463 2684 504 2726 llo·
532 2686 559 2729 do
572 2687 651 2738 llomc;
662 2694 685 2731 et
694 2686 769 2738 Rome,
779 2700 802 2730 se
811 2702 910 2743 gouven·

134 2749 205 2792 mains
214 2749 299 2792 avaient
309 2747 386 2790 ameni
396 2748 417 2790 lc
425 2747 503 2791 monde
532 2754 585 2791 nant
594 2761 633 2803 par
644 2749 682 2791 des
694 2749 798 2791 maximas
811 2754 912 2798 conum·

134 2811 216 2853 civilisd
226 2811 269 2853 acc
280 2811 340 2864 point
351 2809 404 2863 qu'il
415 2822 442 2852 ne
451 2821 504 2864 pou-
531 2823 566 2853 res
578 2810 665 2853 accitos
673 2811 711 2866 qui
720 2811 806 2854 avaient
816 2816 913 2869 produit

130 2874 173 2917 vait
190 2873 241 2930 plus
253 2873 301 2917 dtrc
316 2872 372 2916 libre
391 2884 442 2914 avec
455 2884 505 2923 eux,
532 2885 554 2914 sa
563 2872 681 2926 grandem,
690 2872 913 2924 devaitnecessaira.

123 2939 149 2982 m·
159 2936 287 2998 tranquille
306 2947 357 2982 sans
376 2947 428 2981 eux.
445 2932 467 2980 il
479 2940 514 2977 est
538 2932 752 2977 remenaaombsm
