<?xml version="1.0" encoding="UTF-8"?>
<!DOCTYPE html PUBLIC "-//W3C//DTD XHTML 1.0 Transitional//EN"
    "http://www.w3.org/TR/xhtml1/DTD/xhtml1-transitional.dtd">
<html xmlns="http://www.w3.org/1999/xhtml" xml:lang="en" lang="en">
 <head>
  <title>
</title>
<meta http-equiv="Content-Type" content="text/html;charset=utf-8" />
  <meta name='ocr-system' content='tesseract 3.04.00' />
  <meta name='ocr-capabilities' content='ocr_page ocr_carea ocr_par ocr_line ocrx_word'/>
</head>
<body>
  <div class='ocr_page' id='page_1' title='image "./concionessiveor00unkngoog_0292.png"; bbox 0 0 1904 3216; ppageno 0'>
   <div class='ocr_carea' id='block_1_1' title="bbox 296 199 864 255">
    <p class='ocr_par' dir='ltr' id='par_1_1' title="bbox 296 199 864 255">
     <span class='ocr_line' id='line_1_1' title="bbox 296 199 864 255; baseline -0.007 -1"><span class='ocrx_word' id='word_1_1' title='bbox 296 204 333 254; x_wconf 82' lang='lat' dir='ltr'><strong>nx</strong></span> <span class='ocrx_word' id='word_1_2' title='bbox 354 204 419 255; x_wconf 82' lang='lat' dir='ltr'><strong>llltl</strong></span> <span class='ocrx_word' id='word_1_3' title='bbox 440 200 526 252; x_wconf 75' lang='lat' dir='ltr'><strong>trullo</strong></span> <span class='ocrx_word' id='word_1_4' title='bbox 541 200 661 251; x_wconf 76' lang='lat' dir='ltr'><strong>mnu.</strong></span> <span class='ocrx_word' id='word_1_5' title='bbox 816 199 864 250; x_wconf 68' lang='lat'><strong>293</strong></span> 
     </span>
    </p>
   </div>
   <div class='ocr_carea' id='block_1_2' title="bbox 92 314 936 1858">
    <p class='ocr_par' dir='ltr' id='par_1_2' title="bbox 92 314 907 1285">
     <span class='ocr_line' id='line_1_2' title="bbox 93 314 865 380; baseline -0.004 -13"><span class='ocrx_word' id='word_1_6' title='bbox 93 318 205 369; x_wconf 86' lang='lat' dir='ltr'><strong>niensem</strong></span> <span class='ocrx_word' id='word_1_7' title='bbox 213 325 326 369; x_wconf 83' lang='lat' dir='ltr'><strong>senatum</strong></span> <span class='ocrx_word' id='word_1_8' title='bbox 338 331 453 380; x_wconf 79' lang='lat' dir='ltr'><strong>ngerem3</strong></span> <span class='ocrx_word' id='word_1_9' title='bbox 465 317 510 367; x_wconf 88' lang='lat' dir='ltr'><strong>ubi</strong></span> <span class='ocrx_word' id='word_1_10' title='bbox 520 318 547 367; x_wconf 93' lang='lat' dir='ltr'><strong>in</strong></span> <span class='ocrx_word' id='word_1_11' title='bbox 556 329 655 365; x_wconf 87' lang='lat' dir='ltr'><strong>cmcem</strong></span> <span class='ocrx_word' id='word_1_12' title='bbox 667 314 721 364; x_wconf 91' lang='lat' dir='ltr'><strong>tolli</strong></span> <span class='ocrx_word' id='word_1_13' title='bbox 730 315 865 376; x_wconf 82' lang='lat' dir='ltr'><strong>imperoto-</strong></span> 
     </span>
     <span class='ocr_line' id='line_1_3' title="bbox 94 385 865 451; baseline -0.004 -13"><span class='ocrx_word' id='word_1_14' title='bbox 94 403 135 438; x_wconf 88' lang='lat' dir='ltr'><strong>res</strong></span> <span class='ocrx_word' id='word_1_15' title='bbox 143 389 298 445; x_wconf 82' lang='lat' dir='ltr'><strong>dicuntur,si</strong></span> <span class='ocrx_word' id='word_1_16' title='bbox 308 403 426 451; x_wconf 89' lang='lat' dir='ltr'><strong>prospero</strong></span> <span class='ocrx_word' id='word_1_17' title='bbox 442 395 541 443; x_wconf 80' lang='lat' dir='ltr'><strong>euentu,</strong></span> <span class='ocrx_word' id='word_1_18' title='bbox 548 400 622 449; x_wconf 82' lang='lat' dir='ltr'><strong>pravo</strong></span> <span class='ocrx_word' id='word_1_19' title='bbox 632 385 735 435; x_wconf 89' lang='lat' dir='ltr'><strong>consillo</strong></span> <span class='ocrx_word' id='word_1_20' title='bbox 745 398 799 434; x_wconf 90' lang='lat' dir='ltr'><strong>rem</strong></span> <span class='ocrx_word' id='word_1_21' title='bbox 810 399 865 446; x_wconf 79' lang='lat' dir='ltr'><strong>ges·</strong></span> 
     </span>
     <span class='ocr_line' id='line_1_4' title="bbox 93 456 864 521; baseline -0.004 -14"><span class='ocrx_word' id='word_1_22' title='bbox 93 464 188 507; x_wconf 86' lang='lat' dir='ltr'><strong>serunt.</strong></span> <span class='ocrx_word' id='word_1_23' title='bbox 203 460 250 508; x_wconf 89' lang='lat' dir='ltr'><strong>Sed</strong></span> <span class='ocrx_word' id='word_1_24' title='bbox 266 473 311 520; x_wconf 78' lang='lat' dir='ltr'><strong>ego</strong></span> <span class='ocrx_word' id='word_1_25' title='bbox 328 459 376 521; x_wconf 76' lang='lat' dir='ltr'><strong>(tul</strong></span> <span class='ocrx_word' id='word_1_26' title='bbox 401 458 427 506; x_wconf 88' lang='lat' dir='ltr'><strong>in</strong></span> <span class='ocrx_word' id='word_1_27' title='bbox 439 473 466 506; x_wconf 88' lang='lat' dir='ltr'><strong>eu</strong></span> <span class='ocrx_word' id='word_1_28' title='bbox 484 457 593 514; x_wconf 78' lang='lat' dir='ltr'><strong>ciuitate,</strong></span> <span class='ocrx_word' id='word_1_29' title='bbox 611 470 667 518; x_wconf 77' lang='lat' dir='ltr'><strong>qrrae</strong></span> <span class='ocrx_word' id='word_1_30' title='bbox 682 457 736 505; x_wconf 90' lang='lat' dir='ltr'><strong>ideo</strong></span> <span class='ocrx_word' id='word_1_31' title='bbox 749 456 864 505; x_wconf 83' lang='lat' dir='ltr'><strong>omnibus</strong></span> 
     </span>
     <span class='ocr_line' id='line_1_5' title="bbox 94 526 865 592; baseline -0.001 -15"><span class='ocrx_word' id='word_1_32' title='bbox 94 529 169 578; x_wconf 88' lang='lat' dir='ltr'><strong>rebus</strong></span> <span class='ocrx_word' id='word_1_33' title='bbox 179 529 329 592; x_wconf 85' lang='lat' dir='ltr'><strong>incipiendis</strong></span> <span class='ocrx_word' id='word_1_34' title='bbox 338 529 505 592; x_wconf 80' lang='lat' dir='ltr'><strong>gerendisque</strong></span> <span class='ocrx_word' id='word_1_35' title='bbox 515 528 574 577; x_wconf 91' lang='lat' dir='ltr'><strong>deos</strong></span> <span class='ocrx_word' id='word_1_36' title='bbox 585 528 693 585; x_wconf 75' lang='lat' dir='ltr'><strong>adhibet,</strong></span> <span class='ocrx_word' id='word_1_37' title='bbox 702 527 760 590; x_wconf 81' lang='lat' dir='ltr'><strong>quin</strong></span> <span class='ocrx_word' id='word_1_38' title='bbox 770 526 865 576; x_wconf 89' lang='lat' dir='ltr'><strong>nullius</strong></span> 
     </span>
     <span class='ocr_line' id='line_1_6' title="bbox 92 594 863 659; baseline -0.003 -13"><span class='ocrx_word' id='word_1_39' title='bbox 92 598 224 647; x_wconf 82' lang='lat' dir='ltr'><strong>calumniae</strong></span> <span class='ocrx_word' id='word_1_40' title='bbox 237 597 340 659; x_wconf 87' lang='lat' dir='ltr'><strong>subjicit</strong></span> <span class='ocrx_word' id='word_1_41' title='bbox 350 611 379 646; x_wconf 85' lang='lat' dir='ltr'><strong>en</strong></span> <span class='ocrx_word' id='word_1_42' title='bbox 389 611 447 659; x_wconf 84' lang='lat' dir='ltr'><strong>quae</strong></span> <span class='ocrx_word' id='word_1_43' title='bbox 457 596 493 646; x_wconf 90' lang='lat' dir='ltr'><strong>dii</strong></span> <span class='ocrx_word' id='word_1_44' title='bbox 500 597 733 658; x_wconf 82' lang='lat' dir='ltr'><strong>comprobaverunt,</strong></span> <span class='ocrx_word' id='word_1_45' title='bbox 744 602 768 645; x_wconf 90' lang='lat' dir='ltr'><strong>et</strong></span> <span class='ocrx_word' id='word_1_46' title='bbox 778 596 805 645; x_wconf 92' lang='lat' dir='ltr'><strong>in</strong></span> <span class='ocrx_word' id='word_1_47' title='bbox 814 594 863 645; x_wconf 87' lang='lat' dir='ltr'><strong>sol-</strong></span> 
     </span>
     <span class='ocr_line' id='line_1_7' title="bbox 96 665 866 732; baseline 0.003 -17"><span class='ocrx_word' id='word_1_48' title='bbox 96 667 219 717; x_wconf 88' lang='lat' dir='ltr'><strong>lemnibus</strong></span> <span class='ocrx_word' id='word_1_49' title='bbox 226 668 308 717; x_wconf 81' lang='lat' dir='ltr'><strong>verbis</strong></span> <span class='ocrx_word' id='word_1_50' title='bbox 318 668 402 725; x_wconf 81' lang='lat' dir='ltr'><strong>hebet,</strong></span> <span class='ocrx_word' id='word_1_51' title='bbox 416 681 496 730; x_wconf 85' lang='lat' dir='ltr'><strong>quum</strong></span> <span class='ocrx_word' id='word_1_52' title='bbox 505 667 712 732; x_wconf 79' lang='lat' dir='ltr'><strong>supplicationem</strong></span> <span class='ocrx_word' id='word_1_53' title='bbox 723 665 866 717; x_wconf 85' lang='lat' dir='ltr'><strong>nuttrium·</strong></span> 
     </span>
     <span class='ocr_line' id='line_1_8' title="bbox 95 738 865 798; baseline -0.001 -12"><span class='ocrx_word' id='word_1_54' title='bbox 95 738 173 798; x_wconf 90' lang='lat' dir='ltr'><strong>phum</strong></span> <span class='ocrx_word' id='word_1_55' title='bbox 187 739 298 788; x_wconf 82' lang='lat' dir='ltr'><strong>decernit</strong></span> <span class='ocrx_word' id='word_1_56' title='bbox 312 754 318 785; x_wconf 75' lang='grc' dir='ltr'><strong>ε</strong></span> <span class='ocrx_word' id='word_1_57' title='bbox 334 753 392 793; x_wconf 83' lang='lat' dir='ltr'><strong>ouen</strong></span> <span class='ocrx_word' id='word_1_58' title='bbox 406 754 460 787; x_wconf 77' lang='lat' dir='ltr'><strong>mun</strong></span> <span class='ocrx_word' id='word_1_59' title='bbox 478 754 504 786; x_wconf 75' lang='lat' dir='ltr'><strong>rc</strong></span> <span class='ocrx_word' id='word_1_60' title='bbox 525 752 641 786; x_wconf 79' lang='lat' dir='ltr'><strong>mucrrnn</strong></span> <span class='ocrx_word' id='word_1_61' title='bbox 660 750 811 786; x_wconf 73' lang='lat' dir='ltr'><strong>mentum</strong></span> <span class='ocrx_word' id='word_1_62' title='bbox 824 750 865 785; x_wconf 74' lang='lat' dir='ltr'><strong>un·</strong></span> 
     </span>
     <span class='ocr_line' id='line_1_9' title="bbox 95 808 865 873; baseline 0.003 -17"><span class='ocrx_word' id='word_1_63' title='bbox 95 824 242 869; x_wconf 79' lang='lat' dir='ltr'><strong>urnsrnmrr,</strong></span> <span class='ocrx_word' id='word_1_64' title='bbox 253 810 383 866; x_wconf 83' lang='lat' dir='ltr'><strong>sinollem,</strong></span> <span class='ocrx_word' id='word_1_65' title='bbox 397 811 419 859; x_wconf 87' lang='lat' dir='ltr'><strong>si</strong></span> <span class='ocrx_word' id='word_1_66' title='bbox 427 823 503 872; x_wconf 80' lang='lat' dir='ltr'><strong>graue</strong></span> <span class='ocrx_word' id='word_1_67' title='bbox 512 824 541 859; x_wconf 84' lang='lat' dir='ltr'><strong>ec</strong></span> <span class='ocrx_word' id='word_1_68' title='bbox 550 809 688 873; x_wconf 87' lang='lat' dir='ltr'><strong>superbum</strong></span> <span class='ocrx_word' id='word_1_69' title='bbox 696 808 865 859; x_wconf 73' lang='lat' dir='ltr'><strong>existimarem</strong></span> 
     </span>
     <span class='ocr_line' id='line_1_10' title="bbox 95 878 866 943; baseline 0.003 -16"><span class='ocrx_word' id='word_1_70' title='bbox 95 878 866 943; x_wconf 80' lang='lat' dir='ltr'><strong>uirtuteglorinrl;prolelioitatemenexercitusquemel,quod</strong></span> 
     </span>
     <span class='ocr_line' id='line_1_11' title="bbox 95 951 864 1016; baseline -0.001 -14"><span class='ocrx_word' id='word_1_71' title='bbox 95 959 191 1003; x_wconf 84' lang='lat' dir='ltr'><strong>tnntom</strong></span> <span class='ocrx_word' id='word_1_72' title='bbox 208 954 333 1004; x_wconf 84' lang='lat' dir='ltr'><strong>notionem</strong></span> <span class='ocrx_word' id='word_1_73' title='bbox 347 954 401 1004; x_wconf 89' lang='lat' dir='ltr'><strong>sine</strong></span> <span class='ocrx_word' id='word_1_74' title='bbox 417 954 468 1003; x_wconf 86' lang='lat' dir='ltr'><strong>ulla</strong></span> <span class='ocrx_word' id='word_1_75' title='bbox 481 953 593 1002; x_wconf 91' lang='lat' dir='ltr'><strong>militum</strong></span> <span class='ocrx_word' id='word_1_76' title='bbox 604 954 705 1016; x_wconf 76' lang='lat' dir='ltr'><strong>&#39;jactum</strong></span> <span class='ocrx_word' id='word_1_77' title='bbox 719 951 864 1010; x_wconf 81' lang='lat' dir='ltr'><strong>devicimus,</strong></span> 
     </span>
     <span class='ocr_line' id='line_1_12' title="bbox 95 1022 907 1088; baseline -0.001 -15"><span class='ocrx_word' id='word_1_78' title='bbox 95 1024 244 1086; x_wconf 78' lang='lat' dir='ltr'><strong>postularem</strong></span> <span class='ocrx_word' id='word_1_79' title='bbox 260 1024 308 1088; x_wconf 73' lang='lat' dir='ltr'><strong>(ll)</strong></span> <span class='ocrx_word' id='word_1_80' title='bbox 321 1033 348 1074; x_wconf 92' lang='lat' dir='ltr'><strong>ut</strong></span> <span class='ocrx_word' id='word_1_81' title='bbox 358 1024 408 1074; x_wconf 92' lang='lat' dir='ltr'><strong>diis</strong></span> <span class='ocrx_word' id='word_1_82' title='bbox 420 1022 601 1074; x_wconf 75' lang='lat' dir='ltr'><strong>immortalibus</strong></span> <span class='ocrx_word' id='word_1_83' title='bbox 609 1024 688 1073; x_wconf 90' lang='lat' dir='ltr'><strong>bonos</strong></span> <span class='ocrx_word' id='word_1_84' title='bbox 696 1023 830 1073; x_wconf 81' lang='lat' dir='ltr'><strong>haberetur</strong></span> <span class='ocrx_word' id='word_1_85' title='bbox 839 1028 866 1072; x_wconf 89' lang='lat' dir='ltr'><strong>et</strong></span> <span class='ocrx_word' id='word_1_86' title='bbox 904 1034 907 1039; x_wconf 90' lang='lat'>·</span> 
     </span>
     <span class='ocr_line' id='line_1_13' title="bbox 96 1092 865 1157; baseline 0.003 -16"><span class='ocrx_word' id='word_1_87' title='bbox 96 1095 151 1156; x_wconf 89' lang='lat' dir='ltr'><strong>ipse</strong></span> <span class='ocrx_word' id='word_1_88' title='bbox 162 1095 320 1157; x_wconf 79' lang='lat' dir='ltr'><strong>triumphans</strong></span> <span class='ocrx_word' id='word_1_89' title='bbox 333 1095 361 1143; x_wconf 91' lang='lat' dir='ltr'><strong>in</strong></span> <span class='ocrx_word' id='word_1_90' title='bbox 371 1093 518 1157; x_wconf 77' lang='lat' dir='ltr'><strong>Capitolium</strong></span> <span class='ocrx_word' id='word_1_91' title='bbox 530 1094 701 1151; x_wconf 75' lang='lat' dir='ltr'><strong>ascenderem,</strong></span> <span class='ocrx_word' id='word_1_92' title='bbox 711 1093 787 1149; x_wconf 84' lang='lat' dir='ltr'><strong>unde.</strong></span> <span class='ocrx_word' id='word_1_93' title='bbox 801 1092 865 1143; x_wconf 81' lang='lat' dir='ltr'><strong>votis</strong></span> 
     </span>
     <span class='ocr_line' id='line_1_14' title="bbox 96 1164 867 1228; baseline 0 -15"><span class='ocrx_word' id='word_1_94' title='bbox 96 1166 146 1214; x_wconf 89' lang='lat' dir='ltr'><strong>rite</strong></span> <span class='ocrx_word' id='word_1_95' title='bbox 158 1166 318 1228; x_wconf 80' lang='lat' dir='ltr'><strong>nuncupatis,</strong></span> <span class='ocrx_word' id='word_1_96' title='bbox 328 1166 452 1227; x_wconf 80' lang='lat' dir='ltr'><strong>protectus</strong></span> <span class='ocrx_word' id='word_1_97' title='bbox 465 1179 533 1223; x_wconf 88' lang='lat' dir='ltr'><strong>surn;</strong></span> <span class='ocrx_word' id='word_1_98' title='bbox 544 1164 672 1228; x_wconf 78' lang='lat' dir='ltr'><strong>negaretis</strong></span> <span class='ocrx_word' id='word_1_99' title='bbox 682 1164 729 1214; x_wconf 90' lang='lat' dir='ltr'><strong>hoc</strong></span> <span class='ocrx_word' id='word_1_100' title='bbox 739 1164 867 1214; x_wconf 90' lang='lat' dir='ltr'><strong>mihicum</strong></span> 
     </span>
     <span class='ocr_line' id='line_1_15' title="bbox 97 1234 360 1285; baseline 0 -2"><span class='ocrx_word' id='word_1_101' title='bbox 97 1234 146 1283; x_wconf 90' lang='lat' dir='ltr'><strong>diis</strong></span> <span class='ocrx_word' id='word_1_102' title='bbox 157 1234 360 1285; x_wconf 77' lang='lat' dir='ltr'><strong>immortalibus?</strong></span> 
     </span>
    </p>

    <p class='ocr_par' dir='ltr' id='par_1_3' title="bbox 95 1305 936 1858">
     <span class='ocr_line' id='line_1_16' title="bbox 127 1305 867 1372; baseline 0.003 -17"><span class='ocrx_word' id='word_1_103' title='bbox 127 1306 216 1370; x_wconf 91' lang='lat' dir='ltr'><strong>lniquo</strong></span> <span class='ocrx_word' id='word_1_104' title='bbox 233 1307 301 1357; x_wconf 90' lang='lat' dir='ltr'><strong>enirn</strong></span> <span class='ocrx_word' id='word_1_105' title='bbox 325 1308 372 1372; x_wconf 73' lang='lat' dir='ltr'><strong>(lt)</strong></span> <span class='ocrx_word' id='word_1_106' title='bbox 394 1309 446 1357; x_wconf 90' lang='lat' dir='ltr'><strong>loco</strong></span> <span class='ocrx_word' id='word_1_107' title='bbox 466 1307 588 1357; x_wconf 72' lang='lat' dir='ltr'><strong>dimicari.</strong></span> <span class='ocrx_word' id='word_1_108' title='bbox 605 1306 694 1357; x_wconf 84' lang='lat' dir='ltr'><strong>-bic</strong></span> <span class='ocrx_word' id='word_1_109' title='bbox 714 1305 801 1368; x_wconf 79' lang='lat' dir='ltr'><strong>igitur,</strong></span> <span class='ocrx_word' id='word_1_110' title='bbox 816 1318 867 1371; x_wconf 89' lang='lat' dir='ltr'><strong>quo</strong></span> 
     </span>
     <span class='ocr_line' id='line_1_17' title="bbox 97 1376 867 1441; baseline 0.001 -15"><span class='ocrx_word' id='word_1_111' title='bbox 97 1376 209 1439; x_wconf 72' lang='lat' dir='ltr'><strong>tenuiore</strong></span> <span class='ocrx_word' id='word_1_112' title='bbox 220 1380 344 1441; x_wconf 88' lang='lat' dir='ltr'><strong>potuerim</strong></span> <span class='ocrx_word' id='word_1_113' title='bbox 360 1377 494 1426; x_wconf 80' lang='lat' dir='ltr'><strong>dimicare?</strong></span> <span class='ocrx_word' id='word_1_114' title='bbox 512 1379 592 1434; x_wconf 81' lang='lat' dir='ltr'><strong>Quum</strong></span> <span class='ocrx_word' id='word_1_115' title='bbox 607 1383 715 1426; x_wconf 91' lang='lat' dir='ltr'><strong>montem</strong></span> <span class='ocrx_word' id='word_1_116' title='bbox 729 1378 811 1428; x_wconf 86' lang='lat' dir='ltr'><strong>hostes</strong></span> <span class='ocrx_word' id='word_1_117' title='bbox 826 1390 867 1427; x_wconf 87' lang='lat' dir='ltr'><strong>oe·</strong></span> 
     </span>
     <span class='ocr_line' id='line_1_18' title="bbox 96 1444 867 1509; baseline 0 -14"><span class='ocrx_word' id='word_1_118' title='bbox 96 1446 198 1509; x_wconf 86' lang='lat' dir='ltr'><strong>pissent,</strong></span> <span class='ocrx_word' id='word_1_119' title='bbox 210 1449 264 1497; x_wconf 90' lang='lat' dir='ltr'><strong>loce</strong></span> <span class='ocrx_word' id='word_1_120' title='bbox 278 1448 373 1497; x_wconf 89' lang='lat' dir='ltr'><strong>munito</strong></span> <span class='ocrx_word' id='word_1_121' title='bbox 389 1461 416 1496; x_wconf 94' lang='lat' dir='ltr'><strong>se</strong></span> <span class='ocrx_word' id='word_1_122' title='bbox 426 1453 645 1509; x_wconf 75' lang='lat' dir='ltr'><strong>tenerentnempe</strong></span> <span class='ocrx_word' id='word_1_123' title='bbox 658 1445 769 1496; x_wconf 89' lang='lat' dir='ltr'><strong>eundum</strong></span> <span class='ocrx_word' id='word_1_124' title='bbox 776 1444 809 1496; x_wconf 88' lang='lat' dir='ltr'><strong>nd</strong></span> <span class='ocrx_word' id='word_1_125' title='bbox 817 1444 867 1495; x_wconf 84' lang='lat' dir='ltr'><strong>lto-</strong></span> 
     </span>
     <span class='ocr_line' id='line_1_19' title="bbox 96 1513 936 1579; baseline -0.004 -13"><span class='ocrx_word' id='word_1_126' title='bbox 96 1523 147 1566; x_wconf 87' lang='lat' dir='ltr'><strong>stes</strong></span> <span class='ocrx_word' id='word_1_127' title='bbox 158 1523 220 1575; x_wconf 85' lang='lat' dir='ltr'><strong>emt,</strong></span> <span class='ocrx_word' id='word_1_128' title='bbox 236 1518 257 1566; x_wconf 85' lang='lat' dir='ltr'><strong>si</strong></span> <span class='ocrx_word' id='word_1_129' title='bbox 267 1517 365 1566; x_wconf 79' lang='lat' dir='ltr'><strong>vincere</strong></span> <span class='ocrx_word' id='word_1_130' title='bbox 374 1514 481 1564; x_wconf 77' lang='lat' dir='ltr'><strong>vellem?</strong></span> <span class='ocrx_word' id='word_1_131' title='bbox 493 1514 572 1571; x_wconf 80' lang='lat' dir='ltr'><strong>Quint</strong></span> <span class='ocrx_word' id='word_1_132' title='bbox 581 1515 602 1564; x_wconf 87' lang='lat' dir='ltr'><strong>si</strong></span> <span class='ocrx_word' id='word_1_133' title='bbox 618 1514 707 1564; x_wconf 86' lang='lat' dir='ltr'><strong>urbem</strong></span> <span class='ocrx_word' id='word_1_134' title='bbox 719 1513 810 1563; x_wconf 88' lang='lat' dir='ltr'><strong>eoloeo</strong></span> <span class='ocrx_word' id='word_1_135' title='bbox 820 1513 867 1563; x_wconf 80' lang='lat' dir='ltr'><strong>hu·</strong></span> <span class='ocrx_word' id='word_1_136' title='bbox 934 1572 936 1579; x_wconf 33' lang='grc' dir='ltr'>Ι</span> 
     </span>
     <span class='ocr_line' id='line_1_20' title="bbox 96 1584 864 1648; baseline -0.003 -13"><span class='ocrx_word' id='word_1_137' title='bbox 96 1587 193 1646; x_wconf 86' lang='lat' dir='ltr'><strong>berent,</strong></span> <span class='ocrx_word' id='word_1_138' title='bbox 199 1596 224 1637; x_wconf 88' lang='lat' dir='ltr'><strong>et</strong></span> <span class='ocrx_word' id='word_1_139' title='bbox 231 1584 864 1648; x_wconf 73' lang='lat' dir='ltr'><strong>moenibussetenerent‘?nempeoppugnnndiernnt.</strong></span> 
     </span>
     <span class='ocr_line' id='line_1_21' title="bbox 96 1654 866 1720; baseline -0.003 -14"><span class='ocrx_word' id='word_1_140' title='bbox 96 1656 177 1711; x_wconf 78' lang='lat' dir='ltr'><strong>Quid?</strong></span> <span class='ocrx_word' id='word_1_141' title='bbox 186 1658 217 1706; x_wconf 88' lang='lat' dir='ltr'><strong>nd</strong></span> <span class='ocrx_word' id='word_1_142' title='bbox 228 1658 403 1720; x_wconf 71' lang='lat' dir='ltr'><strong>Thermopylas</strong></span> <span class='ocrx_word' id='word_1_143' title='bbox 418 1670 521 1718; x_wconf 80' lang='lat' dir='ltr'><strong>eequone</strong></span> <span class='ocrx_word' id='word_1_144' title='bbox 535 1657 588 1706; x_wconf 88' lang='lat' dir='ltr'><strong>loeo</strong></span> <span class='ocrx_word' id='word_1_145' title='bbox 598 1655 691 1705; x_wconf 78' lang='lat' dir='ltr'><strong>tianius</strong></span> <span class='ocrx_word' id='word_1_146' title='bbox 705 1654 797 1704; x_wconf 78' lang='lat' dir='ltr'><strong>Acilius</strong></span> <span class='ocrx_word' id='word_1_147' title='bbox 807 1667 866 1704; x_wconf 93' lang='lat' dir='ltr'><strong>cum</strong></span> 
     </span>
     <span class='ocr_line' id='line_1_22' title="bbox 98 1724 867 1790; baseline -0.003 -15"><span class='ocrx_word' id='word_1_148' title='bbox 98 1724 867 1790; x_wconf 75' lang='lat' dir='ltr'><strong>regellntiochopugnauit?Quidllbilippumnoneodemmodo</strong></span> 
     </span>
     <span class='ocr_line' id='line_1_23' title="bbox 95 1794 868 1858; baseline 0 -14"><span class='ocrx_word' id='word_1_149' title='bbox 95 1810 172 1858; x_wconf 79' lang='lat' dir='ltr'><strong>super</strong></span> <span class='ocrx_word' id='word_1_150' title='bbox 178 1798 256 1846; x_wconf 74' lang='lat' dir='ltr'><strong>,bourn</strong></span> <span class='ocrx_word' id='word_1_151' title='bbox 268 1810 367 1846; x_wconf 80' lang='lat' dir='ltr'><strong>amnem</strong></span> <span class='ocrx_word' id='word_1_152' title='bbox 375 1796 435 1858; x_wconf 77' lang='lat' dir='ltr'><strong>jnpn</strong></span> <span class='ocrx_word' id='word_1_153' title='bbox 443 1802 570 1845; x_wconf 89' lang='lat' dir='ltr'><strong>tenentem</strong></span> <span class='ocrx_word' id='word_1_154' title='bbox 578 1794 700 1845; x_wconf 92' lang='lat' dir='ltr'><strong>montium</strong></span> <span class='ocrx_word' id='word_1_155' title='bbox 707 1794 868 1858; x_wconf 64' lang='lat' dir='ltr'><strong>(luteum</strong></span> 
     </span>
    </p>
   </div>
   <div class='ocr_carea' id='block_1_3' title="bbox 97 1933 897 2977">
    <p class='ocr_par' dir='ltr' id='par_1_4' title="bbox 97 1933 897 2977">
     <span class='ocr_line' id='line_1_24' title="bbox 98 1933 865 1989; baseline 0 -12"><span class='ocrx_word' id='word_1_156' title='bbox 98 1936 248 1979; x_wconf 79' lang='lat' dir='ltr'><strong>secutiessent</strong></span> <span class='ocrx_word' id='word_1_157' title='bbox 266 1934 352 1979; x_wconf 76' lang='lat' dir='ltr'><strong>bellom</strong></span> <span class='ocrx_word' id='word_1_158' title='bbox 363 1934 429 1977; x_wconf 87' lang='lat' dir='ltr'><strong>iniri.</strong></span> <span class='ocrx_word' id='word_1_159' title='bbox 441 1958 468 1966; x_wconf 89' lang='lat'><strong>-·</strong></span> <span class='ocrx_word' id='word_1_160' title='bbox 495 1935 534 1977; x_wconf 84' lang='lat' dir='ltr'><strong>bru</strong></span> <span class='ocrx_word' id='word_1_161' title='bbox 552 1935 579 1977; x_wconf 86' lang='lat' dir='ltr'><strong>de</strong></span> <span class='ocrx_word' id='word_1_162' title='bbox 600 1934 678 1989; x_wconf 85' lang='lat' dir='ltr'><strong>pbrnse</strong></span> <span class='ocrx_word' id='word_1_163' title='bbox 698 1933 865 1978; x_wconf 79' lang='lat' dir='ltr'><strong>sous-entendn.</strong></span> 
     </span>
     <span class='ocr_line' id='line_1_25' title="bbox 98 1993 867 2053; baseline -0.003 -14"><span class='ocrx_word' id='word_1_164' title='bbox 98 2021 125 2029; x_wconf 91' lang='lat'><em>-</em></span> <span class='ocrx_word' id='word_1_165' title='bbox 135 1998 166 2040; x_wconf 83' lang='lat' dir='ltr'><strong>lu.</strong></span> <span class='ocrx_word' id='word_1_166' title='bbox 174 1997 262 2053; x_wconf 79' lang='lat' dir='ltr'><strong>Scdepo</strong></span> <span class='ocrx_word' id='word_1_167' title='bbox 273 1999 299 2040; x_wconf 87' lang='lat' dir='ltr'><strong>in</strong></span> <span class='ocrx_word' id='word_1_168' title='bbox 310 1996 466 2041; x_wconf 80' lang='lat' dir='ltr'><strong>eaciritote...</strong></span> <span class='ocrx_word' id='word_1_169' title='bbox 495 1995 586 2038; x_wconf 63' lang='lat' dir='ltr'><strong>Manlius</strong></span> <span class='ocrx_word' id='word_1_170' title='bbox 601 1997 661 2038; x_wconf 81' lang='lat' dir='ltr'><strong>riont</strong></span> <span class='ocrx_word' id='word_1_171' title='bbox 676 1995 703 2038; x_wconf 91' lang='lat' dir='ltr'><strong>de</strong></span> <span class='ocrx_word' id='word_1_172' title='bbox 717 1995 781 2037; x_wconf 84' lang='lat' dir='ltr'><strong>dire:</strong></span> <span class='ocrx_word' id='word_1_173' title='bbox 792 1993 867 2051; x_wconf 71' lang='lat' dir='ltr'><strong>Nepo-</strong></span> 
     </span>
     <span class='ocr_line' id='line_1_26' title="bbox 98 2054 867 2110; baseline -0.001 -10"><span class='ocrx_word' id='word_1_174' title='bbox 98 2059 131 2100; x_wconf 81' lang='lat' dir='ltr'><strong>En</strong></span> <span class='ocrx_word' id='word_1_175' title='bbox 148 2058 224 2101; x_wconf 76' lang='lat' dir='ltr'><strong>leisnut</strong></span> <span class='ocrx_word' id='word_1_176' title='bbox 241 2060 261 2102; x_wconf 84' lang='lat' dir='ltr'><strong>ln</strong></span> <span class='ocrx_word' id='word_1_177' title='bbox 276 2060 434 2110; x_wconf 77' lang='lat' dir='ltr'><strong>construction,</strong></span> <span class='ocrx_word' id='word_1_178' title='bbox 452 2059 468 2101; x_wconf 93' lang='lat' dir='ltr'><strong>il</strong></span> <span class='ocrx_word' id='word_1_179' title='bbox 497 2057 554 2100; x_wconf 79' lang='lat' dir='ltr'><strong>retis</strong></span> <span class='ocrx_word' id='word_1_180' title='bbox 568 2058 610 2099; x_wconf 78' lang='lat' dir='ltr'><strong>boc</strong></span> <span class='ocrx_word' id='word_1_181' title='bbox 623 2057 681 2101; x_wconf 77' lang='lat' dir='ltr'><strong>milti</strong></span> <span class='ocrx_word' id='word_1_182' title='bbox 691 2069 744 2100; x_wconf 84' lang='lat' dir='ltr'><strong>cum</strong></span> <span class='ocrx_word' id='word_1_183' title='bbox 759 2055 806 2097; x_wconf 80' lang='lat' dir='ltr'><strong>diis</strong></span> <span class='ocrx_word' id='word_1_184' title='bbox 822 2054 867 2099; x_wconf 76' lang='lat' dir='ltr'><strong>ist·</strong></span> 
     </span>
     <span class='ocr_line' id='line_1_27' title="bbox 99 2118 863 2175; baseline 0.001 -14"><span class='ocrx_word' id='word_1_185' title='bbox 99 2120 145 2162; x_wconf 84' lang='lat' dir='ltr'><strong>lunt</strong></span> <span class='ocrx_word' id='word_1_186' title='bbox 162 2119 217 2162; x_wconf 78' lang='lat' dir='ltr'><strong>oller</strong></span> <span class='ocrx_word' id='word_1_187' title='bbox 235 2121 347 2170; x_wconf 84' lang='lat' dir='ltr'><strong>chereber,</strong></span> <span class='ocrx_word' id='word_1_188' title='bbox 364 2134 420 2175; x_wconf 89' lang='lat' dir='ltr'><strong>pour</strong></span> <span class='ocrx_word' id='word_1_189' title='bbox 438 2121 470 2162; x_wconf 85' lang='lat' dir='ltr'><strong>les</strong></span> <span class='ocrx_word' id='word_1_190' title='bbox 497 2119 653 2163; x_wconf 76' lang='lat' dir='ltr'><strong>mortalibus?</strong></span> <span class='ocrx_word' id='word_1_191' title='bbox 668 2126 690 2162; x_wconf 83' lang='lat' dir='ltr'><strong>et</strong></span> <span class='ocrx_word' id='word_1_192' title='bbox 706 2120 721 2161; x_wconf 88' lang='lat' dir='ltr'><strong>il</strong></span> <span class='ocrx_word' id='word_1_193' title='bbox 740 2118 863 2162; x_wconf 81' lang='lat' dir='ltr'><strong>continue:</strong></span> 
     </span>
     <span class='ocr_line' id='line_1_28' title="bbox 97 2178 867 2236; baseline 0.004 -17"><span class='ocrx_word' id='word_1_194' title='bbox 97 2181 173 2235; x_wconf 74' lang='lat' dir='ltr'><strong>placer</strong></span> <span class='ocrx_word' id='word_1_195' title='bbox 183 2182 219 2229; x_wconf 80' lang='lat' dir='ltr'><strong>iri,</strong></span> <span class='ocrx_word' id='word_1_196' title='bbox 228 2181 260 2224; x_wconf 84' lang='lat' dir='ltr'><strong>les</strong></span> <span class='ocrx_word' id='word_1_197' title='bbox 267 2188 323 2225; x_wconf 85' lang='lat' dir='ltr'><strong>rnots</strong></span> <span class='ocrx_word' id='word_1_198' title='bbox 331 2183 369 2236; x_wconf 92' lang='lat' dir='ltr'><strong>qui</strong></span> <span class='ocrx_word' id='word_1_199' title='bbox 381 2187 470 2223; x_wconf 83' lang='lat' dir='ltr'><strong>setrou·</strong></span> <span class='ocrx_word' id='word_1_200' title='bbox 499 2180 542 2223; x_wconf 74' lang='lat' dir='ltr'><strong>«Je</strong></span> <span class='ocrx_word' id='word_1_201' title='bbox 551 2182 585 2223; x_wconf 80' lang='lat' dir='ltr'><strong>dis</strong></span> <span class='ocrx_word' id='word_1_202' title='bbox 601 2194 653 2224; x_wconf 83' lang='lat' dir='ltr'><strong>cum</strong></span> <span class='ocrx_word' id='word_1_203' title='bbox 669 2181 716 2224; x_wconf 82' lang='lat' dir='ltr'><strong>diis</strong></span> <span class='ocrx_word' id='word_1_204' title='bbox 726 2178 867 2223; x_wconf 70' lang='lat' dir='ltr'><strong>immortate-</strong></span> 
     </span>
     <span class='ocr_line' id='line_1_29' title="bbox 98 2240 867 2297; baseline 0.004 -15"><span class='ocrx_word' id='word_1_205' title='bbox 98 2248 150 2283; x_wconf 81' lang='lat' dir='ltr'><strong>rent</strong></span> <span class='ocrx_word' id='word_1_206' title='bbox 165 2242 245 2295; x_wconf 69' lang='lat' dir='ltr'><strong>repetis</strong></span> <span class='ocrx_word' id='word_1_207' title='bbox 260 2243 361 2285; x_wconf 75' lang='lat' dir='ltr'><strong>tres-lein</strong></span> <span class='ocrx_word' id='word_1_208' title='bbox 372 2255 411 2297; x_wconf 87' lang='lat' dir='ltr'><strong>pur</strong></span> <span class='ocrx_word' id='word_1_209' title='bbox 421 2243 471 2297; x_wconf 90' lang='lat' dir='ltr'><strong>pln-</strong></span> <span class='ocrx_word' id='word_1_210' title='bbox 497 2242 554 2284; x_wconf 87' lang='lat' dir='ltr'><strong>bus:</strong></span> <span class='ocrx_word' id='word_1_211' title='bbox 564 2255 602 2285; x_wconf 83' lang='lat' dir='ltr'><strong>mn</strong></span> <span class='ocrx_word' id='word_1_212' title='bbox 612 2243 633 2297; x_wconf 78' lang='lat' dir='ltr'><strong>[t</strong></span> <span class='ocrx_word' id='word_1_213' title='bbox 647 2243 753 2286; x_wconf 88' lang='lat' dir='ltr'><strong>entendre</strong></span> <span class='ocrx_word' id='word_1_214' title='bbox 767 2253 815 2284; x_wconf 84' lang='lat' dir='ltr'><strong>mes</strong></span> <span class='ocrx_word' id='word_1_215' title='bbox 828 2240 867 2285; x_wconf 74' lang='lat' dir='ltr'><strong>nd-</strong></span> 
     </span>
     <span class='ocr_line' id='line_1_30' title="bbox 98 2301 867 2359; baseline 0.001 -15"><span class='ocrx_word' id='word_1_216' title='bbox 98 2304 469 2359; x_wconf 74' lang='lat' dir='ltr'><strong>sicursplrrnsesincidentes:lsed</strong></span> <span class='ocrx_word' id='word_1_217' title='bbox 497 2303 611 2358; x_wconf 78' lang='lat' dir='ltr'><strong>rerssires]</strong></span> <span class='ocrx_word' id='word_1_218' title='bbox 633 2303 672 2358; x_wconf 68' lang='lat' dir='ltr'><strong>J&#39;ui</strong></span> <span class='ocrx_word' id='word_1_219' title='bbox 696 2301 867 2347; x_wconf 71' lang='lat' dir='ltr'><strong>malenutrito</strong></span> 
     </span>
     <span class='ocr_line' id='line_1_31' title="bbox 97 2362 867 2422; baseline 0.003 -17"><span class='ocrx_word' id='word_1_220' title='bbox 97 2366 147 2418; x_wconf 74' lang='lat' dir='ltr'><strong>epol</strong></span> <span class='ocrx_word' id='word_1_221' title='bbox 157 2365 177 2406; x_wconf 79' lang='lat' dir='ltr'><strong>si</strong></span> <span class='ocrx_word' id='word_1_222' title='bbox 187 2365 280 2417; x_wconf 84' lang='lat' dir='ltr'><strong>nollem,</strong></span> <span class='ocrx_word' id='word_1_223' title='bbox 289 2367 310 2409; x_wconf 80' lang='lat' dir='ltr'><strong>si</strong></span> <span class='ocrx_word' id='word_1_224' title='bbox 320 2379 391 2422; x_wconf 79' lang='lat' dir='ltr'><strong>praue</strong></span> <span class='ocrx_word' id='word_1_225' title='bbox 399 2369 423 2410; x_wconf 83' lang='lat' dir='ltr'><strong>et</strong></span> <span class='ocrx_word' id='word_1_226' title='bbox 431 2378 470 2408; x_wconf 78' lang='lat' dir='ltr'><strong>su·</strong></span> <span class='ocrx_word' id='word_1_227' title='bbox 497 2365 575 2420; x_wconf 79' lang='lat' dir='ltr'><strong>ubamp</strong></span> <span class='ocrx_word' id='word_1_228' title='bbox 592 2365 620 2408; x_wconf 88' lang='lat' dir='ltr'><strong>de</strong></span> <span class='ocrx_word' id='word_1_229' title='bbox 637 2364 734 2416; x_wconf 73' lang='lat' dir='ltr'><strong>babille,</strong></span> <span class='ocrx_word' id='word_1_230' title='bbox 748 2370 771 2407; x_wconf 84' lang='lat' dir='ltr'><strong>et</strong></span> <span class='ocrx_word' id='word_1_231' title='bbox 786 2362 867 2407; x_wconf 61' lang='grc' dir='ltr'><strong>θοαὶ</strong></span> 
     </span>
     <span class='ocr_line' id='line_1_32' title="bbox 98 2422 868 2482; baseline -0.001 -14"><span class='ocrx_word' id='word_1_232' title='bbox 98 2426 194 2482; x_wconf 83' lang='lat' dir='ltr'><strong>perdum</strong></span> <span class='ocrx_word' id='word_1_233' title='bbox 213 2427 349 2481; x_wconf 77' lang='lat' dir='ltr'><strong>judicarent</strong></span> <span class='ocrx_word' id='word_1_234' title='bbox 381 2426 468 2469; x_wconf 80' lang='lat' dir='ltr'><strong>rirtntr</strong></span> <span class='ocrx_word' id='word_1_235' title='bbox 497 2423 548 2466; x_wconf 85' lang='lat' dir='ltr'><strong>leur</strong></span> <span class='ocrx_word' id='word_1_236' title='bbox 556 2424 699 2468; x_wconf 84' lang='lat' dir='ltr'><strong>secoursseul</strong></span> <span class='ocrx_word' id='word_1_237' title='bbox 709 2423 783 2479; x_wconf 74' lang='lat' dir='ltr'><strong>quoio</strong></span> <span class='ocrx_word' id='word_1_238' title='bbox 791 2422 868 2467; x_wconf 79' lang='lat' dir='ltr'><strong>doisln</strong></span> 
     </span>
     <span class='ocr_line' id='line_1_33' title="bbox 99 2484 868 2544; baseline -0.001 -15"><span class='ocrx_word' id='word_1_239' title='bbox 99 2486 469 2544; x_wconf 73' lang='lat' dir='ltr'><strong>pluriorilincocinitotcpuae...l.</strong></span> <span class='ocrx_word' id='word_1_240' title='bbox 497 2488 596 2530; x_wconf 85' lang='lat' dir='ltr'><strong>victoiru.</strong></span> <span class='ocrx_word' id='word_1_241' title='bbox 612 2503 623 2525; x_wconf 77' lang='grc' dir='ltr'><strong><em>ι</em></strong></span> <span class='ocrx_word' id='word_1_242' title='bbox 640 2487 695 2530; x_wconf 80' lang='lat' dir='ltr'><strong>G&#39;est</strong></span> <span class='ocrx_word' id='word_1_243' title='bbox 708 2486 772 2538; x_wconf 73' lang='lat' dir='ltr'><strong>ainsi,</strong></span> <span class='ocrx_word' id='word_1_244' title='bbox 782 2484 868 2541; x_wconf 79' lang='lat' dir='ltr'><strong>d&#39;tprds</strong></span> 
     </span>
     <span class='ocr_line' id='line_1_34' title="bbox 99 2544 868 2605; baseline -0.005 -13"><span class='ocrx_word' id='word_1_245' title='bbox 99 2573 125 2581; x_wconf 94' lang='lat'>-</span> <span class='ocrx_word' id='word_1_246' title='bbox 136 2551 168 2592; x_wconf 89' lang='lat' dir='ltr'><strong>ll.</strong></span> <span class='ocrx_word' id='word_1_247' title='bbox 179 2549 324 2594; x_wconf 80' lang='lat' dir='ltr'><strong>Postulorem</strong></span> <span class='ocrx_word' id='word_1_248' title='bbox 335 2550 419 2605; x_wconf 74' lang='lat' dir='ltr'><strong>depend</strong></span> <span class='ocrx_word' id='word_1_249' title='bbox 431 2562 471 2592; x_wconf 90' lang='lat' dir='ltr'><strong>en·</strong></span> <span class='ocrx_word' id='word_1_250' title='bbox 498 2547 519 2591; x_wconf 88' lang='lat' dir='ltr'><strong>le</strong></span> <span class='ocrx_word' id='word_1_251' title='bbox 537 2559 588 2591; x_wconf 82' lang='lat' dir='ltr'><strong>sene</strong></span> <span class='ocrx_word' id='word_1_252' title='bbox 608 2549 636 2592; x_wconf 86' lang='lat' dir='ltr'><strong>de</strong></span> <span class='ocrx_word' id='word_1_253' title='bbox 656 2546 792 2599; x_wconf 83' lang='lat' dir='ltr'><strong>l&#39;ensemble,</strong></span> <span class='ocrx_word' id='word_1_254' title='bbox 813 2544 868 2601; x_wconf 87' lang='lat' dir='ltr'><strong>qn&#39;il</strong></span> 
     </span>
     <span class='ocr_line' id='line_1_35' title="bbox 99 2606 867 2666; baseline -0.005 -13"><span class='ocrx_word' id='word_1_255' title='bbox 99 2624 150 2655; x_wconf 80' lang='lat' dir='ltr'><strong>rore</strong></span> <span class='ocrx_word' id='word_1_256' title='bbox 160 2611 187 2655; x_wconf 87' lang='lat' dir='ltr'><strong>do</strong></span> <span class='ocrx_word' id='word_1_257' title='bbox 196 2611 224 2654; x_wconf 83' lang='lat' dir='ltr'><strong>si.</strong></span> <span class='ocrx_word' id='word_1_258' title='bbox 235 2612 263 2655; x_wconf 87' lang='lat' dir='ltr'><strong>Ce</strong></span> <span class='ocrx_word' id='word_1_259' title='bbox 274 2612 329 2655; x_wconf 86' lang='lat' dir='ltr'><strong>n&#39;est</strong></span> <span class='ocrx_word' id='word_1_260' title='bbox 343 2612 410 2666; x_wconf 84' lang='lat' dir='ltr'><strong>qu&#39;nu</strong></span> <span class='ocrx_word' id='word_1_261' title='bbox 425 2617 471 2654; x_wconf 94' lang='lat' dir='ltr'><strong>mot</strong></span> <span class='ocrx_word' id='word_1_262' title='bbox 498 2610 545 2653; x_wconf 79' lang='lat' dir='ltr'><strong>nut</strong></span> <span class='ocrx_word' id='word_1_263' title='bbox 554 2609 668 2665; x_wconf 81' lang='lat' dir='ltr'><strong>expliquer</strong></span> <span class='ocrx_word' id='word_1_264' title='bbox 683 2608 717 2651; x_wconf 83' lang='lat' dir='ltr'><strong>les</strong></span> <span class='ocrx_word' id='word_1_265' title='bbox 726 2619 829 2663; x_wconf 72' lang='lat' dir='ltr'><strong>posanges</strong></span> <span class='ocrx_word' id='word_1_266' title='bbox 837 2606 867 2649; x_wconf 80' lang='lat' dir='ltr'><strong>od</strong></span> 
     </span>
     <span class='ocr_line' id='line_1_36' title="bbox 99 2666 869 2728; baseline -0.005 -13"><span class='ocrx_word' id='word_1_267' title='bbox 99 2674 217 2728; x_wconf 64' lang='lat' dir='ltr'><strong>cerneretis</strong></span> <span class='ocrx_word' id='word_1_268' title='bbox 227 2672 428 2728; x_wconf 87' lang='lat' dir='ltr'><strong>quecommeneele</strong></span> <span class='ocrx_word' id='word_1_269' title='bbox 436 2685 471 2715; x_wconf 87' lang='lat' dir='ltr'><strong>se-</strong></span> <span class='ocrx_word' id='word_1_270' title='bbox 498 2672 531 2715; x_wconf 87' lang='lat' dir='ltr'><strong>les</strong></span> <span class='ocrx_word' id='word_1_271' title='bbox 539 2676 680 2716; x_wconf 80' lang='lat' dir='ltr'><strong>nrruotnteurs</strong></span> <span class='ocrx_word' id='word_1_272' title='bbox 689 2670 774 2714; x_wconf 85' lang='lat' dir='ltr'><strong>disent:</strong></span> <span class='ocrx_word' id='word_1_273' title='bbox 785 2686 795 2708; x_wconf 81' lang='grc' dir='ltr'>ι</span> <span class='ocrx_word' id='word_1_274' title='bbox 806 2666 869 2713; x_wconf 72' lang='lat' dir='ltr'><strong>entre</strong></span> 
     </span>
     <span class='ocr_line' id='line_1_37' title="bbox 100 2731 868 2789; baseline -0.005 -13"><span class='ocrx_word' id='word_1_275' title='bbox 100 2736 154 2778; x_wconf 89' lang='lat' dir='ltr'><strong>cond</strong></span> <span class='ocrx_word' id='word_1_276' title='bbox 171 2735 269 2777; x_wconf 85' lang='lat' dir='ltr'><strong>membre</strong></span> <span class='ocrx_word' id='word_1_277' title='bbox 287 2735 314 2777; x_wconf 86' lang='lat' dir='ltr'><strong>de</strong></span> <span class='ocrx_word' id='word_1_278' title='bbox 331 2734 351 2777; x_wconf 82' lang='lat' dir='ltr'><strong>lu</strong></span> <span class='ocrx_word' id='word_1_279' title='bbox 372 2734 469 2788; x_wconf 71' lang='lat' dir='ltr'><strong>periode.</strong></span> <span class='ocrx_word' id='word_1_280' title='bbox 498 2738 531 2775; x_wconf 86' lang='lat' dir='ltr'><strong>ost</strong></span> <span class='ocrx_word' id='word_1_281' title='bbox 540 2733 582 2774; x_wconf 85' lang='lat' dir='ltr'><strong>nris</strong></span> <span class='ocrx_word' id='word_1_282' title='bbox 591 2733 621 2776; x_wconf 85' lang='lat' dir='ltr'><strong>ici</strong></span> <span class='ocrx_word' id='word_1_283' title='bbox 629 2744 686 2789; x_wconf 89' lang='lat' dir='ltr'><strong>pour</strong></span> <span class='ocrx_word' id='word_1_284' title='bbox 694 2731 742 2775; x_wconf 77' lang='lat' dir='ltr'><strong>ted.</strong></span> <span class='ocrx_word' id='word_1_285' title='bbox 757 2733 868 2774; x_wconf 79' lang='lat' dir='ltr'><strong>»ducuno</strong></span> 
     </span>
     <span class='ocr_line' id='line_1_38' title="bbox 101 2791 870 2851; baseline -0.003 -15"><span class='ocrx_word' id='word_1_286' title='bbox 101 2796 226 2851; x_wconf 82' lang='lat' dir='ltr'><strong>l&#39;opodose:</strong></span> <span class='ocrx_word' id='word_1_287' title='bbox 235 2802 282 2838; x_wconf 89' lang='lat' dir='ltr'><strong>tout</strong></span> <span class='ocrx_word' id='word_1_288' title='bbox 291 2809 316 2838; x_wconf 82' lang='lat' dir='ltr'><strong>re</strong></span> <span class='ocrx_word' id='word_1_289' title='bbox 325 2797 364 2851; x_wconf 88' lang='lat' dir='ltr'><strong>qni</strong></span> <span class='ocrx_word' id='word_1_290' title='bbox 379 2795 470 2851; x_wconf 58' lang='lat' dir='ltr'><strong>precede</strong></span> <span class='ocrx_word' id='word_1_291' title='bbox 498 2795 578 2848; x_wconf 74' lang='lat' dir='ltr'><strong>langue</strong></span> <span class='ocrx_word' id='word_1_292' title='bbox 587 2794 682 2840; x_wconf 78' lang='lat' dir='ltr'><strong>n&#39;ndmet</strong></span> <span class='ocrx_word' id='word_1_293' title='bbox 694 2795 721 2839; x_wconf 87' lang='lat' dir='ltr'><strong>de</strong></span> <span class='ocrx_word' id='word_1_294' title='bbox 736 2794 800 2838; x_wconf 82' lang='lat' dir='ltr'><strong>telles</strong></span> <span class='ocrx_word' id='word_1_295' title='bbox 817 2791 870 2835; x_wconf 76' lang='lat' dir='ltr'><strong>eub-</strong></span> 
     </span>
     <span class='ocr_line' id='line_1_39' title="bbox 101 2854 875 2913; baseline -0.006 -16"><span class='ocrx_word' id='word_1_296' title='bbox 101 2857 246 2912; x_wconf 77' lang='lat' dir='ltr'><strong>n&#39;estquelu</strong></span> <span class='ocrx_word' id='word_1_297' title='bbox 266 2860 367 2913; x_wconf 68' lang='lat' dir='ltr'><strong>protunc.</strong></span> <span class='ocrx_word' id='word_1_298' title='bbox 387 2854 465 2898; x_wconf 57' lang='lat'><strong>-12</strong></span> <span class='ocrx_word' id='word_1_299' title='bbox 496 2856 614 2900; x_wconf 79' lang='lat' dir='ltr'><strong>stitutione.</strong></span> <span class='ocrx_word' id='word_1_300' title='bbox 642 2880 671 2890; x_wconf 94' lang='lat'>-</span> <span class='ocrx_word' id='word_1_301' title='bbox 705 2857 744 2901; x_wconf 71' lang='lat' dir='ltr'><strong>tt.</strong></span> <span class='ocrx_word' id='word_1_302' title='bbox 781 2854 875 2903; x_wconf 54' lang='grc' dir='ltr'><strong>Νὴ-</strong></span> 
     </span>
     <span class='ocr_line' id='line_1_40' title="bbox 101 2917 897 2977; baseline -0.008 -15"><span class='ocrx_word' id='word_1_303' title='bbox 101 2919 168 2963; x_wconf 82' lang='lat' dir='ltr'><strong>Enim</strong></span> <span class='ocrx_word' id='word_1_304' title='bbox 182 2931 206 2963; x_wconf 80' lang='lat' dir='ltr'><strong>se</strong></span> <span class='ocrx_word' id='word_1_305' title='bbox 221 2926 324 2977; x_wconf 79' lang='lat' dir='ltr'><strong>rapporte</strong></span> <span class='ocrx_word' id='word_1_306' title='bbox 338 2919 391 2964; x_wconf 79' lang='lat' dir='ltr'><strong>dun</strong></span> <span class='ocrx_word' id='word_1_307' title='bbox 400 2932 471 2964; x_wconf 78' lang='lat' dir='ltr'><strong>menr-</strong></span> <span class='ocrx_word' id='word_1_308' title='bbox 498 2931 585 2976; x_wconf 76' lang='lat' dir='ltr'><strong>puin...</strong></span> <span class='ocrx_word' id='word_1_309' title='bbox 603 2922 667 2977; x_wconf 72' lang='lat' dir='ltr'><strong>jupo</strong></span> <span class='ocrx_word' id='word_1_310' title='bbox 681 2919 810 2961; x_wconf 69' lang='lat' dir='ltr'><strong>tenentem</strong></span> <span class='ocrx_word' id='word_1_311' title='bbox 825 2917 897 2949; x_wconf 59' lang='lat' dir='ltr'><strong>rm·</strong></span> 
     </span>
    </p>
   </div>
   <div class='ocr_carea' id='block_1_4' title="bbox 0 0 964 3216">
    <p class='ocr_par' dir='ltr' id='par_1_5' title="bbox 0 0 964 3216">
     <span class='ocr_line' id='line_1_41' title="bbox 0 0 964 3216; baseline 0 0"><span class='ocrx_word' id='word_1_312' title='bbox 0 0 964 3216; x_wconf 95' lang='lat' dir='ltr'><strong> </strong></span> 
     </span>
    </p>
   </div>
  </div>
 </body>
</html>
