1904 3216
282 110 322 161 bx
338 109 407 161 Lllll
424 108 511 160 itanu
526 108 608 160 nnat.
786 104 835 155 229

178 231 194 270 ,t
203 225 252 269 leur
267 224 358 269 luissent
372 226 393 269 le
410 226 473 268 choix
482 224 547 278 libre,
562 236 591 267 ou
606 222 634 267 de
648 222 708 279 perir
724 234 775 267 avec
786 221 835 264 Phi-

169 288 197 332 de
206 289 293 330 vaiucre
303 300 356 331 arec
365 287 440 330 Rome.

143 401 179 436 am
200 385 318 435 orationis
346 399 408 436 meae
427 387 532 436 formam
554 385 693 436 Macedones
714 383 835 447 primum,

128 466 154 507 le
166 457 325 506 Athenienses
337 463 475 505 mutarunt.
484 457 543 504 ham
558 462 583 505 et
592 456 743 511 Macedones,
757 467 836 516 quum

113 527 295 588 :eliquereudas
304 525 413 588 Philippi
425 526 529 587 injurias
539 524 565 574 iu
573 530 611 574 tot
624 523 701 573 socias
706 522 778 572 nobis
788 536 836 572 ur·

96 596 246 651 evenissem,
259 596 325 644 uitro
337 596 473 644 accusando
482 596 609 652 Romanos,
627 593 793 644 defensionem
808 597 837 641 ut

81 668 219 715 sensatione
242 664 365 726 potiorem
388 666 514 721 haberem,
538 665 692 714 effecerunt:
718 669 744 713 et
763 662 837 713 athe·

63 734 168 792 aienses,
181 734 208 783 iu
223 734 281 783 deos
294 748 397 796 superos
408 735 551 796 inferosque
563 735 668 783 nefanda
682 733 836 796 atqueiuhu-

61 818 136 855 mana
156 805 248 854 scelera
266 803 321 866 ejus
338 803 477 861 referendo,
493 802 554 866 quid
572 803 635 852 mibi
652 809 696 853 aut
718 801 835 864 cuiquam

60 877 227 939 reliquerunt,
239 877 308 938 ‚quod
318 874 427 936 objicere
436 875 503 923 ultra
516 874 623 936 possimf
633 874 721 923 Eadem
738 873 833 937 Cianos,

60 946 196 1010 Abydenus,
214 945 304 1004 AEnios,
319 944 458 1004 hiaronitas,
477 943 587 1000 Thasios,
615 943 707 1000 Parios,
731 942 834 1000 Samios,

61 1016 213 1067 hrissenses
229 1013 272 1079 (l),
292 1013 424 1064 Messenios
455 1013 515 1062 hinc
538 1027 568 1062 ex
586 1012 683 1068 Achaia,
697 1011 835 1062 existimate

60 1087 146 1151 quern
163 1085 276 1148 graviora
291 1085 365 1134 etiarn
379 1082 557 1145 acerbioraque
569 1097 619 1141 eos,
632 1082 721 1144 quibus
731 1083 833 1133 nocendi

61 1156 182 1220 majorem
194 1155 336 1204 facultatem
347 1154 442 1203 babuit.
454 1154 514 1201 Nam
528 1153 595 1216 quod
609 1153 674 1202 adea
683 1154 770 1203 attinet
778 1167 834 1217 quae

60 1229 134 1279 nobis
150 1227 249 1289 objecit,
263 1225 311 1275 nisi
325 1225 405 1288 gloria
421 1225 496 1284 digua
508 1231 575 1282 sunl,
589 1226 669 1275 fateor
689 1240 718 1275 ea
736 1222 834 1278 defendi

60 1312 112 1349 uon
122 1310 202 1360 posse.
213 1295 344 1357 Rhegium,
359 1300 383 1343 et
397 1295 510 1356 Capuam,
527 1302 553 1344 et
563 1295 694 1357 Syracusas
703 1297 773 1348 nobis
787 1299 834 1348 ob-

58 1367 130 1428 jecit
142 1365 263 1423 Rhegium
275 1362 434 1426 rynhibeho
446 1363 512 1424 legio
526 1362 549 1426 [a
558 1363 639 1425 nobis]
656 1363 701 1428 (T),
715 1366 835 1430 Rhegiuis

61 1439 134 1502 ipsis,
145 1442 174 1486 ut
182 1437 346 1494 mitteremus,
360 1433 496 1492 orantibus,
506 1435 533 1483 iu
544 1435 688 1498 praesidium
695 1437 779 1497 missa,
788 1452 834 1489 ur-

60 1511 129 1566 bem,
138 1507 169 1556 ad
182 1520 255 1569 quam
264 1505 441 1555 defendendam
455 1505 531 1555 missa
548 1513 610 1563 erat,
626 1520 670 1568 per
683 1508 763 1558 scelus
775 1522 835 1572 pos-

61 1575 136 1627 sedit.
151 1574 366 1636 comprobavimus
379 1587 438 1633 ergo
452 1573 477 1621 id
488 1574 606 1624 facinus?
621 1590 653 1624 an
666 1577 731 1626 bello
747 1592 834 1640 perse-

61 1643 835 1705 cutisceleratamlegionem,inpotestatemnostramredactam

61 1721 134 1778 tergo
145 1720 169 1763 et
180 1713 318 1762 cervicibus
328 1726 414 1775 poenas
425 1713 498 1762 sociis
508 1714 616 1775 pendere
628 1729 706 1777 quum
716 1717 836 1776 coepisse·

61 1801 127 1843 mus,
137 1785 236 1841 urbem,
247 1797 319 1845 agros
331 1796 426 1845 suaque
440 1784 523 1832 omnia
533 1799 590 1833 curn
604 1785 718 1835 libertate
729 1787 835 1848 legibus·

61 1870 111 1918 que
122 1853 239 1915 liheginis
252 1851 425 1901 reddidimus?
440 1853 597 1914 Syracusanis
612 1857 735 1917 oppressis
745 1858 777 1906 ab
791 1871 835 1907 ex-

60 1925 141 1976 ternis
150 1923 261 1986 tyrannis
271 1922 314 1986 (bl,
324 1935 372 1983 quo
380 1921 504 1983 indignius
516 1931 589 1980 esset,
601 1938 679 1987 quum
691 1925 834 1976 tulissemus

87 2026 125 2071 Cb.
143 2029 164 2070 l.
183 2025 258 2077 Ginai,
278 2024 310 2067 los
326 2023 435 2067 habitante
461 2025 527 2069 bords
551 2027 581 2070 du
604 2027 681 2072 Pindo,
702 2029 781 2073 Toutes
798 2041 834 2074 ces

61 2087 196 2138 deliteseat
209 2086 315 2142 Bithynia,
332 2099 360 2128 au
373 2086 433 2129 h-h.
461 2088 602 2144 re'publiques
619 2092 705 2134 avaient
719 2091 754 2134 ete
769 2092 835 2137 dure·

62 2152 89 2195 de
107 2149 180 2201 Nicee,
209 2147 299 2203 appolee
320 2148 370 2203 plus
387 2147 436 2190 tard
462 2156 523 2193 ment
538 2151 659 2207 opprimees
678 2153 834 2209 parPhilippe.

60 2211 167 2261 Pmtaias,
178 2210 221 2264 auj.
237 2209 294 2253 Ghio
312 2221 341 2252 ou
357 2208 436 2252 Ghem·
462 2212 509 2255 -2,
521 2212 546 2267 [Α
565 2213 645 2269 nobis}
657 2213 695 2258 Ces
709 2220 766 2258 mots
779 2216 835 2259 omis

63 2274 103 2316 tlh.
118 2272 214 2328 Abydos,
231 2271 282 2314 ville
299 2283 383 2314 conuue
398 2284 437 2313 sur
464 2273 518 2316 dans
532 2273 552 2317 le
571 2275 674 2318 meilleur
690 2276 718 2320 de
735 2281 785 2320 tous
802 2276 835 2321 les

61 2332 365 2389 l'llellespont.AEnoa,villo
379 2333 436 2376 dela
463 2337 594 2378 manuscrits
621 2337 648 2380 de
673 2343 729 2381 cette
746 2338 834 2391 decade,

61 2398 152 2447 Thrace,
172 2395 184 2437 h
204 2394 251 2438 l'ost
272 2394 298 2437 de
316 2394 438 2436 Constanti·
464 2400 512 2437 sout
520 2396 687 2452 inutiles:lepio
694 2399 749 2442 n'est
755 2399 835 2451 jamnis

61 2459 223 2514 uople‚encore
239 2455 284 2509 auj.
301 2455 436 2499 AErtos.lla·
462 2457 835 2513 qu'unelegiouromaine.Pourle

61 2534 142 2572 rouen,
163 2520 221 2562 aussi
241 2531 269 2562 cu
287 2517 435 2572 Thrace‚que
462 2519 509 2570 fait,
528 2532 574 2575 vop.
593 2521 614 2565 le
633 2521 689 2565 bisc.
706 2521 835 2575 exarmet

61 2584 241 2628 Truseretrouve
256 2583 309 2625 dans
325 2582 346 2625 le
362 2582 437 2625 floro·
462 2580 484 2623 la
497 2586 549 2624 note
564 2581 585 2626 9.
603 2606 630 2615 —
647 2584 667 2628 5.
686 2584 718 2629 Ab
733 2583 835 2628 celeratis

62 2660 106 2704 paru
122 2644 289 2701 d'aujourd'hui.
305 2643 345 2686 Les
358 2643 399 2686 ilos
408 2644 435 2686 de
464 2643 524 2694 lc'est
533 2643 544 2685 d
554 2656 579 2687 ce
588 2651 634 2690 mot
643 2659 686 2702 que
700 2659 724 2690 se
733 2651 834 2703 rapporte

61 2708 149 2759 Thasos,
178 2707 255 2756 Paros,
281 2705 367 2756 Samos,
386 2710 436 2747 sont
463 2705 483 2747 la
498 2705 576 2760 phrase
586 2719 630 2764 quo
640 2708 760 2763 indiprtius
769 2710 833 2761 esset)

63 2782 123 2813 assez
138 2781 243 2814 connues.
258 2767 361 2819 caussa,
378 2769 436 2821 capi·
463 2769 572 2821 tyrannis
587 2784 594 2813 ,·
610 2764 702 2826 Epicrde
719 2777 744 2814 at
756 2771 840 2823 hippu-

63 2830 106 2875 tale
130 2831 157 2874 do
179 2829 200 2871 la
217 2828 328 2874 Thessalie
347 2841 386 2873 sur
404 2828 438 2874 les
467 2829 857 2889 cratedbtaieutpasbrraeusaxus
