1904 3216
51 260 54 265 .
82 189 139 247 ,aas
395 187 558 237 oarrtoaus

92 305 601 368 ctiusdejecitiEquidemadhuc,qualem
608 312 651 356 aut
658 306 864 368 sihifingant,aut

92 377 162 427 vobis
170 376 248 425 rideri
256 377 334 426 velint
340 377 437 425 hostem
447 377 531 436 tuisse,
543 391 592 425 non
605 375 711 426 invenio.
721 376 746 424 Si
757 378 866 437 degene-

92 446 325 496 remetemollitum
333 445 614 508 amoenitatehsiae,quid
621 446 769 508 periculivel
778 447 867 507 iniquo

92 517 146 566 loco
152 517 319 569 subeuntibus
327 518 394 566 iuit‘t
405 517 426 565 si
435 517 576 568 timendum
583 522 607 566 et
614 517 713 566 feritate
722 517 864 565 animorum

58 616 62 629 ·
92 588 214 637 etrohore
222 600 364 650 corporum,
375 587 489 636 huiccine
499 591 574 636 tautae
587 587 699 636 victoriae
708 586 865 647 triumphum

2 684 6 691 ·
92 657 203 718 negatis?
215 659 281 707 Caeca
298 658 390 707 invidia
409 662 455 712 est,
471 657 556 707 Patres
575 658 720 720 conscripti,
733 672 779 706 nec
797 656 866 720 quic-

92 739 168 788 quam
184 726 252 775 aliud
263 726 310 776 scit
319 740 392 789 quam
406 726 543 776 detrectare
554 727 661 776 virtutes
675 726 734 789 (11),
749 741 864 776 corrum-

92 810 152 859 pere
161 798 267 846 honores
276 802 301 847 et
311 797 415 859 praemia
423 810 517 846 eorum.
526 796 595 853 itini,
605 810 698 860 quaeso,
708 796 742 845 ita
750 797 865 857 ignosca-

93 868 135 924 tis,
144 867 228 916 Patres
236 867 383 931 conscripti,
391 866 413 917 si
420 866 560 929 longiorem
566 867 704 917 orationem
710 880 760 915 non
770 867 865 928 cupidi-

93 936 400 996 tasgioriandidemesed
409 937 688 987 necessariacriminum
696 936 866 1000 detensioust

48 1029 51 1033 -
93 1004 160 1054 iecit.
172 1007 208 1055 tn
216 1006 290 1056 etiam
300 1022 345 1071 per
355 1007 485 1057 Thraciam
494 1007 573 1056 saltus
585 1007 755 1069 patentes,qui
766 1007 865 1067 angusti

93 1082 174 1132 erant,
191 1084 217 1128 et
227 1080 300 1141 plana
309 1093 339 1128 ex
349 1078 445 1135 arduis,
457 1084 483 1128 et
495 1079 562 1127 culta
576 1093 605 1127 er
616 1078 772 1128 silvestribus
783 1079 865 1128 iacere

93 1147 172 1210 potui,
183 1154 337 1208 etnraestare
348 1150 438 1199 necubi
445 1149 512 1198 notis
519 1149 568 1197 sihi
579 1149 681 1198 latebris
692 1148 864 1198 delitescerent

94 1218 202 1267 tatrones
213 1218 326 1279 Thraces,
333 1219 432 1281 nequid
441 1219 598 1269 sarcinarum
608 1224 789 1281 raperetur,ne
799 1219 865 1280 quod

90 1289 232 1352 jumentum
242 1296 347 1338 extanto
356 1289 455 1351 agmine
467 1289 662 1346 abstraheretur,
671 1303 703 1338 ne
712 1290 769 1351 quis
779 1291 866 1338 vulne

92 1366 200 1416 rotetur,
209 1374 240 1409 ne
260 1374 290 1409 ex
300 1360 403 1409 vulnere
415 1361 453 1408 vir
462 1359 567 1408 fortisac
579 1366 695 1408 strenuus
708 1361 734 1416 Q.
745 1359 865 1408 htinucius

93 1428 251 1478 moreretur?
265 1430 294 1478 In
307 1430 354 1478 hoc
365 1443 432 1488 casu,
442 1442 492 1491 quo
501 1429 636 1478 inteliciter
648 1429 737 1477 accidit
749 1434 778 1476 ut
789 1432 862 1477 tatem

93 1497 171 1546 civem
186 1499 367 1557 amitteremus,
376 1498 539 1564 haerent(16).
548 1499 617 1557 Quod
629 1501 694 1548 saltu
704 1499 798 1561 iniquo,
809 1499 866 1548 loco

93 1568 183 1626 alieno,
198 1583 276 1631 quum
287 1569 389 1619 adortus
404 1569 483 1619 hostis
498 1583 544 1618 nos
555 1574 629 1626 esset,
646 1569 704 1618 duae
717 1569 790 1617 simul
800 1571 865 1619 acies

94 1638 171 1698 primi
186 1646 211 1688 et
226 1639 353 1688 novissimi
367 1639 476 1702 agminis
493 1641 631 1690 haerentem
643 1640 673 1688 ad
688 1639 865 1702 impedimenta

93 1713 176 1756 nostra
198 1709 334 1758 exercitum
355 1708 521 1758 barbarorum
548 1710 776 1764 circumvenerunt;
798 1712 864 1772 quod

94 1779 171 1827 multa
183 1779 261 1828 millia
273 1779 326 1843 ipso
337 1781 387 1836 die.
400 1780 472 1843 plura
483 1780 561 1829 multo
572 1785 628 1842 post
637 1779 690 1828 dies
701 1793 790 1841 paucos
801 1782 865 1830 ceci-

93 1846 186 1897 derunt
197 1855 222 1898 et
233 1855 354 1912 ceperunt
367 1869 373 1898 a
387 1851 443 1906 hoc,
457 1851 478 1899 si
492 1849 539 1913 ipsi
552 1849 683 1905 tacuerint,
696 1863 737 1898 ros
747 1851 862 1906 scituros,

93 1930 172 1979 quum
188 1921 258 1970 testis
267 1921 386 1970 orationis
400 1934 463 1970 meae
480 1927 547 1968 totus
559 1918 682 1967 exercitus
693 1919 736 1978 sit,
753 1933 803 1967 non
813 1934 866 1968 cre-

93 1988 173 2038 dunt?
186 1991 211 2040 Si
221 1989 333 2053 gladium
345 1991 372 2039 in
385 1990 441 2039 Asia
449 2003 499 2038 non
510 1989 673 2047 strinxissem,
680 1988 701 2038 si
711 1991 808 2038 hostem
815 2003 865 2038 nou

93 2058 223 2119 vidissem,
237 2069 319 2111 tamen
331 2060 466 2124 proconsul
481 2060 639 2123 triumphum
650 2059 677 2107 in
687 2059 788 2109 Thracia
800 2059 864 2109 duo-

92 2130 139 2180 bus
149 2132 243 2190 proeliis
252 2146 405 2182 merueram.

123 2201 171 2252 Sed
181 2203 234 2265 jam
246 2203 341 2252 dictum
355 2202 414 2251 satis
424 2208 472 2252 est.
485 2200 551 2257 Quin
560 2215 606 2264 pro
622 2215 659 2258 eo,
671 2201 736 2264 quod
750 2200 866 2262 pluribus

93 2307 168 2360 tiam,⁸
184 2321 232 2364 roy.
251 2309 273 2352 le
291 2309 348 2352 hisc.
362 2308 463 2353 GLthlt.
490 2307 865 2365 hequemmentusiteeobtrectare

92 2392 120 2402 -·
137 2370 171 2414 tt.
196 2371 330 2415 Detrectare
355 2371 464 2424 virtutes,
491 2371 628 2416 virtutihus.
640 2372 656 2413 tt
667 2384 693 2414 en
703 2379 737 2413 est
753 2371 780 2413 de
792 2372 865 2414 meme

92 2430 146 2474 dans
155 2431 177 2474 le
184 2444 234 2475 sens
243 2433 270 2475 de
280 2434 299 2476 ta
309 2432 406 2476 locution
414 2433 464 2488 pius
491 2435 545 2478 dans
553 2433 626 2485 Ovide,
643 2433 710 2476 Triat.
722 2432 755 2484 vt.
767 2432 800 2484 10,
816 2431 863 2474 113,

255 2503 300 2546 Nec.
313 2501 348 2548 qui
357 2502 445 2542 detrectet
452 2505 560 2550 ortamno.
569 2502 618 2540 liror
625 2503 692 2550 iniquo

271 2548 332 2584 Uttum
339 2547 364 2584 de
374 2547 445 2585 trostris
454 2549 512 2586 dente
520 2547 626 2585 momordit
633 2557 689 2595 aptis.

92 2629 119 2638 -
141 2607 176 2650 ts.
202 2608 332 2651 Crimiaum
359 2609 462 2665 defensio
490 2612 568 2662 meme,
595 2609 649 2653 dans
671 2621 696 2652 cc
720 2621 810 2664 passage
836 2609 863 2651 de

91 2680 149 2724 pour
166 2669 269 2723 defensio
288 2683 304 2714 c
322 2671 463 2717 criminibus
489 2670 614 2723 l'drateur,
633 2671 667 2714 ch.
685 2670 725 2714 to:
741 2669 781 2714 Sic
799 2669 862 2713 dicet

92 2731 160 2786 (metri
178 2732 290 2787 ohJ'ectis).
310 2756 338 2766 -
355 2735 389 2780 16.
413 2734 463 2780 Ee·
490 2735 540 2787 ille,
559 2737 679 2778 tetemet
701 2746 761 2789 saepe
780 2733 862 2779 multis

91 2806 145 2838 rere
157 2793 183 2836 in
192 2793 276 2849 aliqua
285 2808 312 2839 rc
320 2796 465 2851 poni-immo·
490 2795 565 2838 modis
578 2794 675 2838 eundem
685 2798 708 2837 et
717 2805 789 2839 onom
804 2809 861 2845 rem,

92 2855 302 2910 rcri,s'appesantir
310 2869 348 2901 sur
355 2871 386 2900 un
397 2858 462 2913 suist.
491 2862 514 2902 et
525 2859 606 2902 hereat
615 2859 638 2900 in
647 2858 727 2901 eodem
737 2870 863 2902 commore-

86 2917 178 2961 Cr'ceron
195 2919 292 2974 amptoie
308 2932 334 2966 cs
352 2919 420 2966 rerhe
436 2920 464 2965 de
493 2923 577 2976 torque
590 2921 715 2963 sententia.
