1904 3216
93 202 140 253 224
399 206 558 256 oltnl'tOlltls

91 326 159 369 certe
170 318 308 381 aequabitis.
322 319 467 383 AEquabitis,
476 321 551 370 dico‘l
563 321 685 376 Quantum
699 320 737 369 vel
749 319 788 369 vir
796 320 859 379 viro,

90 390 130 438 vel
144 404 204 452 gens
216 392 285 451 genti
302 394 416 454 praestat!
428 393 528 441 llinima
542 393 648 442 accessio
664 406 761 453 semper
773 392 861 454 Epirus

90 473 167 525 'tegno
179 463 324 513 Macedoniae
336 463 392 521 fuit,
408 470 433 512 et
441 464 515 512 hodie
526 470 571 513 est.
583 465 775 527 Peloponnesum
784 470 861 514 totam

94 534 118 584 lt
133 533 230 583 ditione
245 533 376 597 Philippus
388 535 472 592 habet,
483 537 610 598 Argosque
624 536 699 598 ipsos,
717 549 768 584 non
778 542 862 586 vetere

95 615 155 653 nma
164 604 244 666 magis
258 618 333 666 quam
341 605 431 668 Pyrrhi
441 613 521 656 morte
533 606 684 656 nobilitatos.
693 607 781 656 Nostra
793 621 862 657 nuuc

88 683 204 737 compara
220 674 265 737 (i).
289 675 385 732 Quanto
402 677 481 738 magis
498 677 628 726 florentem
642 677 748 736 ltaliam,
769 685 862 738 quanto

88 746 169 806 magis
178 745 290 808 integras
300 760 352 806 res,
362 746 439 796 salvis
448 748 562 805 ducibus,
572 748 647 797 salvis
659 753 695 796 tot
700 749 860 808 exercitibus,

87 829 150 878 quos
165 816 284 866 Punicum
299 823 383 881 postea
399 818 492 867 bellum
506 819 652 880 absumpsit,
661 832 794 881 aggressus
803 820 862 883 Pyr·

86 888 149 937 rhus
165 895 247 938 tamen
262 890 396 946 concussit,
412 895 437 938 et
448 890 528 938 victor
541 903 616 952 prope
627 889 657 938 ad
673 889 753 950 ipsam
770 892 862 940 urbem

88 958 222 1008 Romanam
235 960 316 1009 venitl
329 960 377 1009 Nec
391 959 516 1010 Tarentini
528 961 599 1009 modo
613 973 705 1023 oraque
718 960 763 1009 illa
771 961 859 1019 ltaliae,

87 1043 162 1088 quam
174 1029 292 1091 Maiorem
304 1030 422 1080 Graeciam
437 1036 535 1086 vocant,
550 1036 578 1079 ut
593 1031 714 1092 linguam,
727 1037 756 1079 ut
770 1045 859 1082 nomen

87 1104 184 1149 secutos
198 1101 321 1158 crederes,
342 1100 385 1149 sed
400 1101 519 1158 lucanus,
535 1106 560 1149 et
577 1099 699 1158 Bruttius,
714 1107 739 1150 et
753 1101 859 1159 Samnis,

88 1169 181 1219 anobis
190 1170 342 1220 deiecerunt.
350 1171 405 1219 llaec
410 1184 459 1226 vos,
470 1171 491 1218 si
499 1171 626 1232 Philippus
636 1169 662 1218 in
673 1170 770 1219 ltaliam
777 1175 862 1220 trans·

87 1239 192 1297 miserit,
207 1240 324 1303 quietura
339 1247 383 1289 aut
402 1254 517 1288 mansura
533 1241 557 1288 in
575 1240 623 1289 lide
640 1239 758 1289 creditis‘.l
771 1240 861 1292 llanse·

87 1316 150 1360 runt
159 1311 226 1359 onim
238 1310 269 1373 (5]
285 1310 376 1360 Punico
388 1315 470 1372 postea
480 1311 556 1359 hello.
569 1311 701 1372 Nunquam
711 1309 753 1358 isti
763 1312 859 1372 populi,

87 1380 138 1429 nisi
153 1395 231 1443 quum
245 1381 326 1430 deerit
339 1381 369 1430 ad
379 1394 454 1441 quem
466 1380 612 1435 desciscant,
628 1381 723 1430 anobis
735 1394 785 1429 non
799 1381 860 1430 deti-

88 1451 163 1499 cient.
186 1451 212 1499 si
227 1450 350 1512 piguisset
368 1463 410 1499 vos
428 1450 455 1498 in
472 1451 577 1501 Africam
596 1448 721 1512 trajicere,
744 1451 818 1500 hodie
832 1453 860 1501 in

89 1520 160 1569 Italia
173 1520 334 1571 Hannibalem
347 1527 373 1569 et
388 1521 602 1581 Carthaginienses
624 1522 706 1570 hostes
723 1521 857 1572 haberetis.

89 1590 230 1640 llacedonia
245 1591 328 1653 potius
342 1605 416 1653 quam
435 1591 503 1640 ltalia
517 1592 609 1641 bellum
623 1592 713 1640 habeat
730 1592 860 1641 :hostium

87 1660 164 1709 urbes
178 1660 285 1722 agrique
299 1662 368 1711 ferro
383 1667 457 1723 atque
472 1661 525 1724 igni
541 1667 674 1710 vastentur.
696 1661 795 1723 Experti
805 1661 860 1724 jum

87 1741 175 1780 sumus
190 1729 252 1779 foris
267 1731 346 1791 nobis,
361 1744 437 1794 quam
449 1731 524 1788 domi,
544 1731 657 1780 feliciora
670 1730 861 1794 potentioraque

88 1810 157 1847 arma
169 1811 231 1848 esse.

119 1869 157 1918 lte
169 1869 197 1917 in
215 1869 365 1931 sullragium
374 1868 435 1919 bene
444 1868 589 1931 jurantibus
602 1869 660 1926 diis,
670 1873 702 1926 et,
712 1882 768 1929 quae
776 1869 860 1919 Patres

89 1945 246 1998 censuerunt,
261 1939 405 2002 vosjubete.
423 1940 501 2001 liujus
515 1940 583 1988 robis
596 1939 725 1989 sententiae
738 1952 788 1988 non
799 1953 860 1988 con·

88 2009 127 2058 sul
136 2010 208 2059 modo
224 2016 311 2065 auctor
320 2015 366 2067 est,
382 2010 424 2058 sed
437 2011 510 2058 etiam
518 2009 554 2058 dii
561 2009 715 2058 immortales
724 2025 731 2068 ;
740 2010 783 2072 qui
795 2010 859 2059 mihi

88 2079 239 2129 sacrificanti
258 2080 420 2142 precantiquc
433 2086 462 2129 ut
482 2081 530 2128 hoc
547 2079 643 2128 bellum
664 2079 736 2134 mihi,
753 2080 859 2139 senatui,

88 2150 217 2214 vobisque,
235 2157 260 2200 et
274 2151 348 2200 sociis
359 2164 388 2200 ac
401 2150 496 2199 nomini
514 2151 611 2206 Latino,
629 2150 748 2199 elassibus
767 2151 860 2200 exerci-

89 2220 206 2282 tibusque
233 2221 326 2269 nostris
352 2219 394 2284 (l),
414 2221 477 2269 hene
499 2234 527 2268 ac
541 2220 647 2269 l'eliciter
664 2220 783 2279 eveniret,
804 2221 860 2270 laeta

90 2291 175 2338 omnia
188 2303 357 2352 prosperaque
369 2290 525 2352 portendere.

89 2413 157 2464 vireo,
183 2415 262 2456 tamen
286 2415 320 2455 eet
340 2411 461 2456 laudando
488 2411 677 2456 inducereunum.
693 2412 733 2455 Sed
750 2411 786 2454 luc
801 2417 860 2456 totus

89 2474 205 2517 voluntas.
224 2475 262 2526 Ne,
281 2476 334 2517 dans
352 2487 376 2517 ce
402 2487 460 2522 sens.
487 2485 599 2521 contortus
625 2480 728 2521 orationis
753 2477 858 2531 flagitat:

88 2535 459 2590 estetenmoinslrequeutqueut.
487 2540 571 2582 Nostra
597 2551 659 2583 ncnc
688 2542 858 2594 comparate.»

88 2598 145 2640 -ἳ,
160 2598 244 2641 Nostra
261 2610 323 2641 nunc
341 2610 458 2653 compara.
487 2601 584 2645 Gronov.
619 2625 646 2633 -
672 2602 692 2645 3.
724 2602 859 2644 Mensorum

90 2675 101 2698 ι
119 2660 175 2702 tlibi
193 2659 334 2702 observamus
352 2672 400 2702 esse
418 2660 460 2703 hoc
486 2662 549 2704 enim
551 2694 591 2704 .....
611 2662 690 2717 phrase
709 2663 819 2715 ironique.
832 2685 859 2693 -

88 2722 216 2771 oratorium,
226 2733 294 2775 quum
305 2734 340 2764 res
354 2721 393 2763 tibi
408 2734 458 2764 cum
485 2724 505 2766 d.
520 2724 602 2767 ltili...
619 2723 803 2776 exercitibusque
818 2735 860 2766 no·

88 2783 163 2825 multis
173 2789 210 2825 aut
219 2795 258 2837 pro
267 2784 343 2826 multis
358 2785 395 2832 sit,
405 2783 459 2826 allo·
484 2785 566 2828 ctria...
579 2785 693 2840 Comparez
707 2786 727 2828 la
742 2785 814 2840 pridre
830 2785 857 2828 da

87 2847 127 2900 qui
136 2845 198 2900 quasi
207 2853 327 2898 unumaut
333 2846 458 2903 loquentem
485 2847 579 2903 Scipion,
589 2848 672 2891 llarrat.
691 2846 760 2898 xtttl,
776 2859 799 2902 p,
809 2846 857 2891 tot.
