1904 3216
100 218 130 266 86
227 247 230 253 ·
347 214 350 220 ’
404 216 564 267 cannones

100 335 155 377 mais
169 333 259 389 d'e'gald
273 334 333 388 egah
350 346 377 376 en
391 338 520 388 portageant
529 332 550 374 le
564 331 664 375 consulat
679 337 701 375 ot
711 330 733 374 le
752 329 821 381 senat,
834 330 867 373 les

100 396 156 439 deux
162 396 253 452 peuples
262 400 338 439 aei-ont
347 396 457 438 Romains.

130 513 234 576 Tempus
244 520 307 570 erat,
318 512 409 573 inquit,
421 512 473 560 Tite
483 511 567 570 Manli,
581 525 683 574 vosque,
696 513 780 560 Patres
791 513 867 562 Cons-

100 582 181 645 cripti,
189 585 288 632 tandem
297 583 350 644 jam
357 596 399 631 vos
408 581 537 630 nobiscum
546 580 608 630 nihil
616 595 662 643 pro
672 581 775 643 imperio
782 597 865 645 agere,

100 667 178 715 quum
198 652 400 701 florentissimum
418 651 493 700 dedm
517 651 670 713 benignitate
689 656 749 701 tunc
772 654 866 702 Latium

100 722 176 773 armis
189 723 309 786 virisque,
327 721 477 772 Samnitibus
491 721 558 769 bello
573 721 653 777 victis,
668 721 782 771 Sidicinis
793 724 866 771 Cam-

100 793 219 856 panisque
236 793 316 855 sociis,
335 805 402 841 nunc
422 792 497 850 etiam
515 790 606 841 Volscis
624 790 754 854 adjunctis,
768 793 867 842 videre-

101 863 141 921 tis,
155 862 260 913 colonias
273 876 371 926 quoque
382 869 476 912 uestras
491 862 600 911 iatinum
613 863 721 910 Romano
730 864 867 924 praetulisse

101 933 240 995 imperium.
255 933 302 982 Sed
316 931 434 994 quoniam
450 945 499 990 vos,
511 937 590 992 regno
607 930 737 993 impotenti
750 932 824 981 finem
837 939 866 981 ut

99 1002 239 1066 imponatis,
253 1017 304 1052 non
313 1001 432 1051 inducitis
441 1001 468 1050 in
478 1001 597 1060 animum,
612 1016 663 1060 nos,
674 1016 818 1066 quanquam
826 1001 867 1051 ar‘·

99 1074 147 1123 mis
154 1086 284 1136 possumus
292 1087 403 1122 asserere
419 1071 513 1121 Latium
522 1071 548 1120 in
557 1072 706 1129 libertatem,
717 1073 867 1135 consangui-

99 1143 169 1194 nitati
186 1151 269 1194 tamen
280 1144 328 1193 hoc
339 1142 460 1199 dabimus,
470 1147 500 1191 ut
515 1141 666 1192 conditiones
678 1143 746 1204 pacis
757 1144 866 1192 ieramus

100 1226 184 1276 aequas
193 1214 320 1277 utrisque;
336 1212 454 1276 quoniam
465 1210 530 1260 vires
545 1225 642 1274 quoque
653 1212 744 1274 aequari
757 1212 804 1261 diis
816 1212 865 1261 im-

99 1283 247 1334 mortalibus
255 1282 360 1347 placuit·
369 1282 499 1332 Consulem
511 1281 616 1330 alterum
625 1282 708 1338 Roma,
719 1282 824 1331 alterum
837 1295 866 1330 ex

100 1353 167 1403 Latio
180 1350 259 1404 creari
269 1359 378 1418 oportet;
389 1359 490 1402 senatus
501 1358 597 1412 partem
611 1366 707 1414 aequam
720 1366 750 1402 ex
761 1360 866 1416 utraque

99 1430 175 1486 gente
184 1438 244 1479 esse;
252 1439 330 1474 unum
337 1424 467 1486 poputum,
478 1423 554 1471 unam
563 1422 742 1483 rempublicam
750 1424 804 1473 fieri
816 1438 821 1470 :
832 1431 865 1479 et,

100 1499 128 1542 ut
144 1494 243 1555 imperii
260 1495 345 1542 eadem
368 1494 439 1543 sedes
454 1493 487 1541 sit
505 1491 620 1554 idemque
635 1493 750 1543 omnibus
766 1507 865 1551 nomen,

100 1563 216 1625 quoniam
234 1564 264 1612 ab
283 1565 360 1611 altera
376 1569 433 1612 utra
450 1562 483 1627 (i)
500 1566 572 1623 parte
588 1563 687 1612 concedi
706 1577 802 1614 necesse
819 1571 864 1623 est,

100 1632 164 1692 quod
176 1633 290 1694 utrisque
298 1633 360 1682 bene
375 1638 462 1689 vertat,
475 1631 508 1681 sit
519 1631 571 1679 haec
579 1647 639 1684 sane
653 1634 733 1698 patria
743 1635 832 1697 potior,
842 1640 866 1684 et

100 1702 201 1751 Romani
211 1715 298 1752 omnes
306 1716 432 1753 vocemur.

454 1861 513 1910 >LXV

99 1992 157 2056 Cap.
176 1991 200 2040 5.
215 1990 301 2059 Otntio
323 1992 349 2040 T.
370 1991 464 2041 Manlii
485 1993 593 2041 consulis
613 1992 650 2042 ad
669 1995 771 2058 Leqatca
793 1995 866 2045 tatt-

434 2077 530 2111 norum.

120 2186 223 2236 Postquam
240 2185 321 2222 Latinus
331 2182 422 2230 loquendi
432 2185 493 2236 duom
505 2185 557 2229 tecit.
567 2186 647 2225 nonnus
662 2187 730 2239 consui
740 2187 789 2224 iram
799 2191 866 2226 tenere

98 2233 235 2320 gggpipqtu1t3
261 2239 406 2279 conversusque
429 2230 454 2267 ed
475 2231 603 2268 arinulacium
626 2231 685 2274 iovis,
710 2242 730 2269 m
747 2231 789 2270 brac
806 2235 865 2271 verbe

305 2358 358 2413 dian
372 2370 536 2425 dindignation,
550 2383 658 2416 menecea.

128 2499 201 2557 nudi,
217 2500 338 2563 iuppiter,
355 2501 408 2549 ilaec
419 2501 522 2550 scelera!
538 2501 687 2560 annicetus
703 2505 798 2568 Fasque
813 2505 863 2569 (ttt

98 2570 243 2631 Peregrinos
254 2574 365 2620 consules
373 2578 397 2619 ot
406 2571 564 2632 peregrinum
576 2581 700 2632 senatum,
711 2574 795 2631 intuo,
807 2576 865 2639 Jup

125 2693 467 2747 thv.t.atterautra,mtenx
521 2695 577 2739 bxv.
596 2699 616 2741 1.
635 2697 719 2741 Audite
747 2698 788 2741 lua
812 2699 864 2742 faa-

98 2768 141 2812 que
150 2756 276 2799 alterutra.
287 2755 323 2799 stt
332 2757 378 2800 baec
385 2758 467 2814 patrio
495 2760 551 2813 que!
559 2756 617 2800 Cette
635 2758 823 2812 personniflcation
840 2773 864 2803 se

97 2818 236 2872 pretiumque
241 2822 296 2860 cette
303 2819 372 2872 patrie
382 2819 466 2873 (Rome)
495 2827 571 2873 trouve
581 2819 628 2874 dtju
638 2820 691 2863 dans
701 2833 744 2862 une
759 2822 863 2865 ancienne

96 2878 467 2934 nitiaprdie'rencefflenslasusion
493 2880 587 2922 formula
610 2879 648 2923 des
672 2879 762 2923 Feciaux
788 2880 863 2935 fieb..

84 2936 164 2980 (lenos
172 2938 342 2997 deuxpatriesi.
493 2941 516 2986 b.
527 2940 552 2994 t..
562 2940 597 2985 cb.
604 2940 638 2996 39.)
648 2955 654 2982 :
663 2939 732 2993 dudi,
741 2940 865 2997 iuppiter!
