1906 3690
223 671 262 723 ax
277 672 371 724 alem
389 674 584 725 nrsronnnnn
601 655 687 726 niano
702 678 727 726 1.·
811 679 857 727 rra

90 784 176 870 &curratis
185 795 239 834 aegre
249 785 330 825 militem
339 787 439 832 cohibuit;
448 792 527 834 postera
534 786 573 834 die,
584 792 649 827 caetra
659 788 766 836 ingressus,
778 788 808 826 ita
816 789 859 829 dis-

117 929 157 971 Les
165 928 247 972 soldats
256 935 304 972 sont
313 930 398 981 braces,
406 928 502 972 attachds
511 929 523 972 1
537 927 586 972 leur
594 929 679 984 prince,
689 929 746 973 mais
755 929 857 973 leurzd're

91 1003 147 1046 pour
155 990 196 1042 lui,
205 991 268 1046 porte
272 991 359 1048 jusqu’a
366 992 450 1041 l'erces.
459 991 547 1034 enlaute
556 990 594 1033 des
601 989 708 1034 seditione
717 995 739 1034 et
746 991 785 1034 des
796 999 857 1036 trou-

90 1051 145 1095 bles.
155 1072 183 1084 -
191 1053 223 1094 bu
232 1060 328 1096 moment
337 1053 401 1097 d'une
411 1064 499 1108 guerre,
507 1052 523 1094 il
533 1058 567 1095 eet
576 1052 614 1095 des
622 1064 722 1096 mesures
733 1053 855 1108 iprendre,

91 1126 122 1157 un
139 1120 211 1156 secret
223 1113 360 1168 necessaire;
382 1114 415 1158 les
433 1113 521 1166 soldnts,
545 1113 617 1156 meme
631 1112 663 1156 les
678 1112 746 1164 cheis,
768 1114 855 1158 doivent

91 1175 180 1230 ignorer
194 1175 308 1231 beaucoup
318 1177 345 1220 de
359 1175 443 1226 choses,
455 1175 517 1218 obdir
527 1193 533 1226 ;
544 1174 616 1225 sinon,
625 1175 687 1229 point
695 1175 722 1218 de
731 1175 854 1230 discipline,

91 1242 113 1281 cl
121 1249 172 1280 sans
180 1237 293 1292 discipline
303 1237 401 1293 l'empire
411 1243 445 1280 est
458 1237 535 1291 perdu.
547 1239 620 1279 list-ce
631 1237 697 1291 qn'au
707 1236 784 1280 milieu
794 1237 821 1280 de
831 1239 851 1281 la

90 1311 171 1354 guerre
184 1299 217 1343 les
230 1298 311 1342 soldats
330 1313 353 1342 se
368 1299 506 1342 souldveront
517 1298 581 1350 ainsi,
591 1305 725 1342 massacrant
736 1299 797 1342 leurs
814 1301 854 1343 tri·

89 1362 146 1405 buns
155 1369 177 1405 et
186 1362 324 1405 envahissant
329 1361 416 1417 J'usqu'a
423 1361 444 1404 ia
454 1367 513 1403 tente
521 1360 548 1403 dc
558 1359 704 1415 l'empcreurl
713 1384 740 1416 ·.·
746 1360 802 1404 'lcut
809 1361 854 1404 cela

90 1424 144 1468 dtait
158 1425 210 1466 dans
222 1424 317 1467 l'intdrdt
328 1423 430 1475 dothan,
439 1423 494 1465 mais
508 1435 533 1465 ce
547 1422 593 1465 zdle
605 1436 617 1466 a
632 1424 674 1466 mis
684 1437 707 1466 sa
716 1424 751 1475 pie
763 1437 792 1468 en
803 1426 855 1470 dan-

90 1497 142 1539 ger;
156 1485 255 1528 Vitellius
269 1497 297 1528 ne
306 1485 524 1541 pcurraitsouhaiter
535 1492 598 1534 autre
610 1485 676 1528 chose
685 1499 729 1541 que
736 1499 773 1529 ces
782 1487 856 1532 desor-

90 1551 147 1592 dres.
156 1549 185 1591 lle
196 1549 336 1592 l'obeissanee
350 1549 413 1600 donc,
429 1549 490 1604 point
500 1547 527 1590 de
538 1547 649 1598 curiosite,
661 1547 687 1590 de
696 1548 793 1592 l'urdeur
801 1549 855 1594 dans

90 1612 111 1653 le
118 1611 204 1653 combat
210 1610 339 1654 seulement.
346 1611 395 1654 -ll
403 1622 486 1666 yapeu
494 1609 520 1652 de
529 1609 646 1663 coupables
655 1623 661 1650 ε
669 1609 725 1653 deux
733 1611 855 1655 seulement

89 1673 384 1727 se1·ontpunis;maispcinl
397 1673 423 1716 de
436 1673 479 1714 cris
497 1677 572 1714 contre
586 1670 607 1713 ie
621 1670 689 1721 senat,
701 1683 745 1727 que
755 1680 856 1727 respecto

89 1733 188 1775 Vitellius
198 1733 311 1777 lui-meme
321 1740 343 1777 et
352 1733 444 1789 quiseul
454 1733 582 1789 represente
591 1733 657 1775 Rome
667 1738 689 1776 et
695 1739 740 1776 met
746 1733 767 1776 la
779 1734 809 1777 loi
824 1735 854 1778 du

88 1796 144 1849 parti
153 1795 250 1838 d'0tbon.
260 1796 328 1840 Rome
337 1797 392 1839 n'est
405 1797 466 1852 point
475 1802 510 1839 eet
522 1794 595 1838 enclos
605 1795 632 1838 de
646 1795 774 1839 murailles:
786 1796 853 1840 home

89 1855 202 1908 eternolle,
212 1859 264 1900 c'est
273 1858 294 1901 le
303 1857 435 1901 senatlondd
446 1870 486 1912 par
496 1856 609 1908 Romulus,
622 1857 709 1900 recrute
719 1870 759 1914 par
766 1858 854 1902 l'armde

89 1924 111 1961 et
122 1920 160 1974 qui
169 1920 252 1962 lournit
262 1920 300 1963 des
309 1921 396 1974 princes
407 1919 533 1974 dl'empire.
817 1942 820 1947 ·

118 2051 201 2113 licque
212 2057 240 2099 ut
248 2050 353 2100 allectus
361 2056 454 2100 vestros
465 2051 490 2099 in
502 2065 611 2101 amorem
624 2049 672 2099 mei
684 2051 852 2108 accenderem,

87 2120 276 2177 commilitones,
287 2134 367 2182 neque
376 2127 405 2175 ut
416 2120 526 2169 animum
537 2121 568 2169 ad
581 2121 697 2169 virtutem
710 2119 854 2169 cohortarer

89 2192 201 2253 (utraque
214 2190 280 2239 enim
291 2190 389 2253 egregie
406 2194 547 2253 supersunt)
562 2192 605 2254 tl),
618 2191 660 2240 sed
672 2191 728 2240 veni
742 2191 856 2251 postula·

87 2266 159 2308 turus
176 2275 190 2308 a
210 2260 279 2308 vohis
294 2267 517 2322 temperamentum
536 2268 624 2310 vestrae
641 2260 807 2316 fortitudinis,
829 2266 854 2308 et

87 2345 146 2392 erga
154 2344 193 2378 mc
205 2332 305 2379 modum
316 2332 433 2380 caritatis.
443 2332 571 2381 Tumultus
579 2331 686 2392 proximi
693 2329 793 2378 initium
802 2343 853 2379 non
919 2348 924 2354 ·

86 2401 221 2462 cupiditate
233 2401 270 2449 vel
279 2400 343 2459 odio,
356 2415 412 2463 quae
425 2401 516 2450 multos
531 2401 653 2450 exercitus
665 2401 691 2448 in
703 2400 845 2449 discordias

86 2473 169 2532 egere,
178 2485 206 2520 ac
214 2485 245 2520 ne
254 2472 429 2520 detrectatione
443 2472 542 2533 quidem
555 2479 598 2520 aut
608 2470 742 2520 formidine
753 2470 853 2532 pericu-

86 2541 190 2589 lorum:
210 2539 287 2588 nimia
305 2540 383 2602 pietas
403 2547 482 2588 vestra
502 2541 584 2589 acrius
607 2554 681 2602 quam
699 2539 851 2589 considerate

86 2609 210 2665 excitarit;
223 2623 282 2658 nam
292 2624 357 2672 saepe
366 2611 482 2658 honestas
491 2625 576 2659 rerum
585 2606 680 2668 causas,
693 2611 720 2659 ni
727 2609 849 2672 judicium

86 2681 211 2738 adhibeas,
224 2680 355 2742 perniciosi
370 2680 448 2729 exitus
464 2687 660 2743 consequuntur.
673 2681 740 2729 Imus
755 2680 786 2728 ad
802 2681 852 2729 bel-

86 2751 138 2800 lum
156 2769 161 2797 :
174 2765 236 2799 num
244 2764 330 2799 omnes
338 2751 441 2799 nuntios
453 2750 536 2813 palam
550 2751 641 2809 audiri,
656 2751 739 2800 omnia
748 2750 850 2799 consilia

85 2824 181 2871 cunctis
192 2821 356 2884 praesentibus
364 2822 467 2870 tractari
477 2822 544 2883 patio
553 2827 687 2871 rerumaut
695 2821 850 2870 occasionum

85 2892 200 2941 velocitas
220 2891 331 2954 patitur?
351 2897 400 2939 tam
421 2891 516 2938 nescire
534 2891 644 2952 quaedem
665 2891 757 2939 milites
777 2903 850 2952 quam

88 2964 149 3012 scire
166 2969 271 3025 oportet.
285 2963 320 3011 lta
334 2961 464 3011 seducam
479 2961 622 3018 auctoritas
639 2961 675 3010 sic
691 2961 761 3022 rigor
776 2960 850 3009 disci·

86 3034 157 3094 plinae
175 3034 258 3090 habet,
276 3038 304 3080 ut
324 3031 402 3080 multa
420 3031 497 3080 etiam
513 3030 671 3080 centuriones
687 3031 850 3092 tribunosque

85 3109 180 3152 tantum
189 3103 273 3166 juberi
282 3102 394 3162 expediat
408 3118 414 3147 ι
430 3102 460 3159 si,
469 3100 512 3150 uhi
518 3101 662 3162 jubeantur,
676 3114 790 3162 quaerere
799 3101 849 3149 sin-

84 3172 151 3232 gulis
161 3173 242 3230 liceat,
255 3175 374 3235 pereunte
384 3169 503 3231 obsequio
515 3169 590 3218 etiam
603 3169 738 3230 imperium
750 3168 849 3217 interci-

85 3243 128 3290 dit.
146 3246 181 3291 111
196 3248 222 3293 et
238 3242 292 3292 illic
311 3239 343 3307 11)
364 3246 435 3289 nocte
453 3239 598 3300 intempesta
618 3239 748 3301 rapientur
761 3239 848 3287 armat

109 3403 164 3449 stt.
181 3407 200 3447 l.
212 3404 353 3462 Supersunt,
363 3408 412 3447 sont
423 3415 453 3448 en
480 3400 621 3447 ahcudaucc.
632 3399 693 3442 -1,
702 3395 778 3444 illic,
787 3390 885 3434 hunsla
