1904 3216
131 184 162 231 td
437 184 598 234 ounttun'us

132 314 164 350 ne
179 301 268 350 hiemis
285 303 385 364 quidem
403 306 490 363 spatio,
502 317 559 363 quae
571 301 684 350 omnium
701 301 824 350 bellorum
838 308 905 351 terra

133 374 248 434 marique
258 374 290 421 sit
301 375 378 435 quies,
394 389 462 422 arma
475 374 649 434 deponentem.
665 374 713 421 Hoc
726 386 806 435 neque
823 387 904 434 reges,

132 458 213 506 neque
233 450 291 493 ante
315 445 470 494 tribunitiam
491 450 637 508 potestatem
654 449 762 493 creatam
786 446 907 507 superbos

132 516 315 572 illosconsules‚
327 518 485 577 nequetriste
494 517 527 578 (5)
535 515 663 564 dictatoris
672 515 813 576 imperium,
823 529 907 578 neque

132 586 287 648 importunos
298 586 451 635 decemviros
465 586 603 647 injunxisse
617 585 753 642 servitutis,
768 592 797 635 ut
810 598 906 647 peren-

133 670 190 706 nem
205 657 319 705 militiam
334 659 453 713 facerent,
465 658 529 718 quod
548 656 646 706 tribuni
661 655 769 704 militum
789 656 814 704 in
833 656 906 715 plebe

134 726 241 775 Romana
254 740 358 788 regnum
372 733 523 775 exercerent.
538 724 660 782 Quidnam
675 724 714 773 itti
727 724 841 777 consules
854 726 907 776 dio·

133 796 442 849 tatoresvetacturiessent‚
453 795 496 857 qui
505 795 707 856 proconsularem
719 794 856 856 imaginem
870 795 904 860 (4]

132 869 184 912 tam
202 878 293 914 scenam
310 879 337 914 ac
352 870 448 913 trucem
465 864 587 912 iecerint?
602 863 650 911 Sed
672 863 698 912 id
711 863 826 913 accidere
836 864 905 914 haud

133 932 274 984 immerito:
287 949 337 998 non
352 935 428 984 fuisse
442 948 473 983 ne
487 935 515 982 in
529 939 582 982 octo
599 933 701 994 quidem
715 933 823 984 tribunis
836 934 906 984 mili·

133 1008 187 1053 tum
202 1005 283 1054 locum
295 1006 341 1054 ulli
357 1006 459 1067 plebeio.
482 1007 561 1054 Antea
582 1003 650 1053 trine
661 1005 713 1053 loca
736 1018 793 1053 cum
805 1012 907 1056 conten·

133 1074 198 1125 tione
210 1089 305 1124 summa
318 1075 434 1137 patricios
447 1077 546 1137 explere
555 1074 659 1125 solitos:
672 1075 797 1136 nuncjem
808 1078 906 1138 octoiu-

133 1158 177 1208 ges
191 1145 222 1193 ad
238 1146 345 1208 imperia
363 1146 496 1196 obtinenda
514 1146 561 1202 ire,
581 1152 648 1195 etne
661 1144 687 1193 in
708 1146 782 1195 turha
802 1147 904 1208 quidem

133 1213 229 1264 haerere
243 1215 278 1278 (5)
291 1216 415 1278 plebeium
425 1230 575 1279 quenquam,
588 1215 643 1276 qui,
659 1215 680 1264 si
696 1215 759 1265 nihil
769 1216 847 1273 atiud,
862 1218 907 1266 ed-

132 1292 231 1334 moneat
244 1287 361 1346 collegas,
373 1287 463 1335 tiberos
474 1293 499 1335 et
510 1287 574 1335 cives
586 1299 683 1340 eorum,
693 1298 741 1332 uon
752 1298 844 1343 servos,
856 1286 907 1335 mi·

132 1355 215 1412 litare,
226 1370 288 1418 quos
301 1357 383 1406 hieme
395 1358 482 1406 saltem
495 1356 521 1405 in
531 1357 651 1406 domesac
662 1360 727 1404 tecta
738 1355 822 1404 reduci
832 1370 908 1420 opor·

132 1431 190 1482 teat,
215 1431 240 1474 et
264 1426 348 1487 aliquo
371 1434 483 1489 tempore
505 1427 564 1474 anni
586 1429 699 1487 parentes
715 1424 855 1486 liberosque
878 1439 907 1476 ac

132 1497 250 1556 conjuges
264 1496 378 1554 invisere,
393 1503 418 1547 et
435 1511 557 1560 usurpare
569 1497 601 1559 (6)
616 1495 768 1550 libertatem,
781 1500 807 1543 et
819 1508 907 1546 creare

131 1567 301 1626 magistratus.
699 1570 704 1580 “

461 1659 572 1709 xxxtln

133 1765 191 1828 Gap.
210 1766 262 1815 5-6.
282 1765 369 1817 Oratio
390 1766 469 1884 Appss'
494 1765 594 1884 Clzeudii
615 1763 712 1815 tribuni
734 1762 847 1814 minem
871 1761 907 1812 ad

470 1853 520 1900 opu
531 1851 581 1887 um.

153 1940 234 1989 Appius.
249 1941 341 1980 tribunus
358 1942 451 1984 miiitum,
466 1943 562 1978 adversus
571 1939 663 1980 tribunos
678 1939 744 1990 plebis
759 1938 785 1977 de
803 1936 905 1989 stipntdio

132 1986 197 2034 deque
204 1986 337 2023 hibernaculis
346 1987 380 2024 tali
393 1987 451 2024 nodo
460 1987 546 2023 disserit.

158 2075 174 2117 1.
186 2075 244 2118 Voili
254 2077 309 2119 donc
318 2077 350 2119 les
363 2077 449 2120 tribuns
465 2079 538 2132 quise
555 2077 713 2132 de'mnsquent:
725 2076 746 2119 le
755 2075 808 2118 bien
818 2087 904 2119 comme

132 2136 153 2179 ie
167 2137 219 2188 mal,
230 2142 277 2180 tout
287 2138 336 2181 leur
346 2138 427 2192 dc‘plait
437 2139 464 2180 de
474 2139 494 2180 ia
503 2144 552 2193 part
559 2138 589 2181 du
599 2138 670 2190 sc'nat;
683 2150 708 2180 ce
717 2137 773 2180 n'est
782 2148 821 2192 pas
832 2137 905 2180 l'intd·

132 2197 166 2239 ret
175 2197 204 2240 du
214 2199 576 2253 peuplequ'iispoursuivent‚c'est
586 2199 606 2241 la
614 2197 712 2241 discorde
723 2196 831 2241 dternelle
841 2204 904 2241 entre

132 2258 164 2302 les
173 2261 230 2303 deux
239 2261 323 2311 ordres,
341 2260 389 2302 seul
410 2259 504 2301 obstacle
515 2259 526 2302 a
546 2259 750 2315 l'agrmrdissement
762 2257 790 2301 de
807 2258 829 2300 la
838 2258 906 2315 repu-

131 2320 214 2375 blique.

162 2399 186 2446 t.
198 2399 221 2446 Si
237 2413 348 2461 unquam
361 2398 502 2447 dubitatum
516 2405 562 2455 est,
578 2399 694 2456 Quirites,
710 2404 798 2447 utrum
807 2395 905 2449 tribuni

130 2468 210 2530 plebis
225 2475 304 2516 vestra
320 2483 348 2515 an
361 2483 404 2516 sua
419 2483 492 2516 causa
511 2470 661 2539 seditionum
675 2481 775 2530 semper
791 2474 905 2518 auctores

131 2604 187 2647 pour
197 2590 315 2633 venditam
325 2603 378 2633 eme.
388 2614 414 2622 —
421 2591 441 2634 5.
454 2591 504 2634 Tri·
530 2604 573 2647 pro
582 2591 721 2635 consulibua.
731 2614 758 2622 -
767 2592 787 2635 5.
804 2591 905 2643 Haerere,

130 2652 505 2707 ate,pourtetricum‚severum.-—
531 2666 614 2696 comme
642 2653 715 2708 ajoutd
737 2652 905 2705 tt'onrtmttt,

131 2717 151 2759 d.
167 2714 359 2758 Proconsularrm
371 2715 504 2769 imapinem.
531 2729 615 2759 comme
630 2715 823 2771 supplementaire.
840 2739 868 2748 -
883 2716 903 2760 6.

131 2777 505 2829 L'orateurnommeninsitamapis-
533 2778 654 2832 decerpere,
673 2788 729 2832 pour
744 2788 860 2820 exercere.
877 2776 905 2819 Ge

131 2847 215 2882 trature
234 2838 272 2881 des
290 2838 382 2881 tribuni
400 2838 505 2880 militum
532 2837 904 2889 mot.donslesnuteursuuciens‚a

131 2898 251 2946 conorari
262 2901 385 2957 potestate,
398 2896 506 2942 institude
532 2904 641 2941 rurement
659 2898 680 2941 lc
698 2911 749 2943 sens
774 2899 904 2956 d'mrper.
