<?xml version="1.0" encoding="UTF-8"?>
<!DOCTYPE html PUBLIC "-//W3C//DTD XHTML 1.0 Transitional//EN"
    "http://www.w3.org/TR/xhtml1/DTD/xhtml1-transitional.dtd">
<html xmlns="http://www.w3.org/1999/xhtml" xml:lang="en" lang="en">
 <head>
  <title>
</title>
<meta http-equiv="Content-Type" content="text/html;charset=utf-8" />
  <meta name='ocr-system' content='tesseract 3.04.00' />
  <meta name='ocr-capabilities' content='ocr_page ocr_carea ocr_par ocr_line ocrx_word'/>
</head>
<body>
  <div class='ocr_page' id='page_1' title='image "./concionessiveor00unkngoog_0436.png"; bbox 0 0 1904 3216; ppageno 0'>
   <div class='ocr_carea' id='block_1_1' title="bbox 147 39 777 87">
    <p class='ocr_par' dir='ltr' id='par_1_1' title="bbox 147 39 844 87">
     <span class='ocr_line' id='line_1_1' title="bbox 147 39 777 87; baseline 0 -13"><span class='ocrx_word' id='word_1_1' title='bbox 147 42 152 55; x_wconf 85' lang='lat'><strong>·</strong></span> <span class='ocrx_word' id='word_1_2' title='bbox 194 39 198 47; x_wconf 91' lang='lat'>·</span> <span class='ocrx_word' id='word_1_3' title='bbox 226 39 307 61; x_wconf 74' lang='lat'>··=··=···</span> <span class='ocrx_word' id='word_1_4' title='bbox 328 39 732 87; x_wconf 50' lang='grc' dir='ltr'>-τη·ι”·ττ··-ι.ι·.κ·;τι-ᾞι”;““τ·.-’···</span> <span class='ocrx_word' id='word_1_5' title='bbox 754 40 777 75; x_wconf 78' lang='grc'>“.</span> 
     </span>
    </p>
   </div>
   <div class='ocr_carea' id='block_1_2' title="bbox 234 175 861 252">
    <p class='ocr_par' dir='ltr' id='par_1_2' title="bbox 234 175 861 252">
     <span class='ocr_line' id='line_1_2' title="bbox 234 175 861 252; baseline -0.016 -1"><span class='ocrx_word' id='word_1_6' title='bbox 234 201 272 251; x_wconf 78' lang='lat' dir='ltr'>nx</span> <span class='ocrx_word' id='word_1_7' title='bbox 288 202 382 252; x_wconf 81' lang='lat' dir='ltr'>mam</span> <span class='ocrx_word' id='word_1_8' title='bbox 399 196 649 250; x_wconf 76' lang='lat' dir='ltr'>lnnsnmuuano</span> <span class='ocrx_word' id='word_1_9' title='bbox 666 175 711 248; x_wconf 86' lang='lat' dir='ltr'>ut.</span> <span class='ocrx_word' id='word_1_10' title='bbox 813 193 861 250; x_wconf 74' lang='lat' dir='ltr'>tto</span> 
     </span>
    </p>
   </div>
   <div class='ocr_carea' id='block_1_3' title="bbox 88 310 866 726">
    <p class='ocr_par' dir='ltr' id='par_1_3' title="bbox 88 310 866 726">
     <span class='ocr_line' id='line_1_3' title="bbox 89 310 864 377; baseline -0.008 -13"><span class='ocrx_word' id='word_1_11' title='bbox 89 314 201 365; x_wconf 82' lang='lat' dir='ltr'>funditus</span> <span class='ocrx_word' id='word_1_12' title='bbox 212 313 392 377; x_wconf 83' lang='lat' dir='ltr'>rempublicam</span> <span class='ocrx_word' id='word_1_13' title='bbox 404 314 495 362; x_wconf 86' lang='lat' dir='ltr'>trahet.</span> <span class='ocrx_word' id='word_1_14' title='bbox 505 312 687 375; x_wconf 83' lang='lat' dir='ltr'>Reliquisintra</span> <span class='ocrx_word' id='word_1_15' title='bbox 694 310 805 359; x_wconf 88' lang='lat' dir='ltr'>animum</span> <span class='ocrx_word' id='word_1_16' title='bbox 813 323 864 359; x_wconf 86' lang='lat' dir='ltr'>me-</span> 
     </span>
     <span class='ocr_line' id='line_1_4' title="bbox 88 381 863 447; baseline -0.005 -13"><span class='ocrx_word' id='word_1_17' title='bbox 88 386 195 435; x_wconf 91' lang='lat' dir='ltr'>dendum</span> <span class='ocrx_word' id='word_1_18' title='bbox 206 392 244 434; x_wconf 87' lang='lat' dir='ltr'>est</span> <span class='ocrx_word' id='word_1_19' title='bbox 259 403 264 433; x_wconf 94' lang='lat'><strong>:</strong></span> <span class='ocrx_word' id='word_1_20' title='bbox 276 399 321 434; x_wconf 91' lang='lat' dir='ltr'>nos</span> <span class='ocrx_word' id='word_1_21' title='bbox 331 386 421 446; x_wconf 90' lang='lat' dir='ltr'>pudor,</span> <span class='ocrx_word' id='word_1_22' title='bbox 435 398 559 447; x_wconf 84' lang='lat' dir='ltr'>pauperes</span> <span class='ocrx_word' id='word_1_23' title='bbox 567 383 710 439; x_wconf 71' lang='lat' dir='ltr'>necessitas,</span> <span class='ocrx_word' id='word_1_24' title='bbox 722 381 811 430; x_wconf 87' lang='lat' dir='ltr'>divites</span> <span class='ocrx_word' id='word_1_25' title='bbox 822 396 863 430; x_wconf 92' lang='lat' dir='ltr'>sa-</span> 
     </span>
     <span class='ocr_line' id='line_1_5' title="bbox 88 452 863 516; baseline -0.009 -11"><span class='ocrx_word' id='word_1_26' title='bbox 88 457 135 506; x_wconf 90' lang='lat' dir='ltr'>tias</span> <span class='ocrx_word' id='word_1_27' title='bbox 148 457 175 505; x_wconf 91' lang='lat' dir='ltr'>in</span> <span class='ocrx_word' id='word_1_28' title='bbox 191 456 280 505; x_wconf 88' lang='lat' dir='ltr'>melius</span> <span class='ocrx_word' id='word_1_29' title='bbox 291 460 372 505; x_wconf 90' lang='lat' dir='ltr'>mutet</span> <span class='ocrx_word' id='word_1_30' title='bbox 387 472 393 502; x_wconf 90' lang='lat'>:</span> <span class='ocrx_word' id='word_1_31' title='bbox 406 463 449 503; x_wconf 89' lang='lat' dir='ltr'>aut</span> <span class='ocrx_word' id='word_1_32' title='bbox 461 455 483 503; x_wconf 91' lang='lat' dir='ltr'>si</span> <span class='ocrx_word' id='word_1_33' title='bbox 499 455 558 516; x_wconf 91' lang='lat' dir='ltr'>quis</span> <span class='ocrx_word' id='word_1_34' title='bbox 568 468 597 503; x_wconf 86' lang='lat' dir='ltr'>ex</span> <span class='ocrx_word' id='word_1_35' title='bbox 609 452 792 515; x_wconf 84' lang='lat' dir='ltr'>magistratibus</span> <span class='ocrx_word' id='word_1_36' title='bbox 805 458 863 499; x_wconf 93' lang='lat' dir='ltr'>tan-</span> 
     </span>
     <span class='ocr_line' id='line_1_6' title="bbox 90 521 864 587; baseline -0.009 -12"><span class='ocrx_word' id='word_1_37' title='bbox 90 532 141 575; x_wconf 90' lang='lat' dir='ltr'>tam</span> <span class='ocrx_word' id='word_1_38' title='bbox 157 526 307 576; x_wconf 78' lang='lat' dir='ltr'>industriam</span> <span class='ocrx_word' id='word_1_39' title='bbox 321 539 348 574; x_wconf 91' lang='lat' dir='ltr'>ac</span> <span class='ocrx_word' id='word_1_40' title='bbox 362 524 519 575; x_wconf 83' lang='lat' dir='ltr'>seueritatem</span> <span class='ocrx_word' id='word_1_41' title='bbox 530 523 671 587; x_wconf 86' lang='lat' dir='ltr'>pollicetur,</span> <span class='ocrx_word' id='word_1_42' title='bbox 683 522 755 572; x_wconf 88' lang='lat' dir='ltr'>utire</span> <span class='ocrx_word' id='word_1_43' title='bbox 765 521 864 570; x_wconf 82' lang='lat' dir='ltr'>obuiam</span> 
     </span>
     <span class='ocr_line' id='line_1_7' title="bbox 90 595 866 660; baseline -0.01 -13"><span class='ocrx_word' id='word_1_44' title='bbox 90 603 173 660; x_wconf 85' lang='lat' dir='ltr'>queat,</span> <span class='ocrx_word' id='word_1_45' title='bbox 188 597 256 648; x_wconf 90' lang='lat' dir='ltr'>bunc</span> <span class='ocrx_word' id='word_1_46' title='bbox 267 604 292 647; x_wconf 89' lang='lat' dir='ltr'>et</span> <span class='ocrx_word' id='word_1_47' title='bbox 303 598 377 646; x_wconf 92' lang='lat' dir='ltr'>laudo</span> <span class='ocrx_word' id='word_1_48' title='bbox 392 602 416 645; x_wconf 89' lang='lat' dir='ltr'>et</span> <span class='ocrx_word' id='word_1_49' title='bbox 427 595 558 645; x_wconf 87' lang='lat' dir='ltr'>exonerari</span> <span class='ocrx_word' id='word_1_50' title='bbox 566 595 681 644; x_wconf 89' lang='lat' dir='ltr'>laborum</span> <span class='ocrx_word' id='word_1_51' title='bbox 687 605 800 643; x_wconf 89' lang='lat' dir='ltr'>meorum</span> <span class='ocrx_word' id='word_1_52' title='bbox 808 605 866 654; x_wconf 89' lang='lat' dir='ltr'>par·</span> 
     </span>
     <span class='ocr_line' id='line_1_8' title="bbox 90 661 866 726; baseline -0.009 -9"><span class='ocrx_word' id='word_1_53' title='bbox 90 674 141 717; x_wconf 87' lang='lat' dir='ltr'>tem</span> <span class='ocrx_word' id='word_1_54' title='bbox 157 668 248 725; x_wconf 64' lang='lat' dir='ltr'>tatem</span> <span class='ocrx_word' id='word_1_55' title='bbox 263 668 303 717; x_wconf 86' lang='lat' dir='ltr'>sin</span> <span class='ocrx_word' id='word_1_56' title='bbox 314 680 432 716; x_wconf 86' lang='lat' dir='ltr'>accusare</span> <span class='ocrx_word' id='word_1_57' title='bbox 443 665 504 715; x_wconf 86' lang='lat' dir='ltr'>vitia</span> <span class='ocrx_word' id='word_1_58' title='bbox 516 666 611 722; x_wconf 82' lang='lat' dir='ltr'>volunt,</span> <span class='ocrx_word' id='word_1_59' title='bbox 632 663 700 720; x_wconf 92' lang='lat' dir='ltr'>dein,</span> <span class='ocrx_word' id='word_1_60' title='bbox 720 676 799 726; x_wconf 88' lang='lat' dir='ltr'>quum</span> <span class='ocrx_word' id='word_1_61' title='bbox 812 661 866 724; x_wconf 83' lang='lat' dir='ltr'>glo·</span> 
     </span>
    </p>
   </div>
   <div class='ocr_carea' id='block_1_4' title="bbox 939 40 947 65">
    <p class='ocr_par' dir='ltr' id='par_1_4' title="bbox 939 40 947 65">
     <span class='ocr_line' id='line_1_9' title="bbox 939 40 947 65; baseline 0 0"><span class='ocrx_word' id='word_1_62' title='bbox 939 40 947 65; x_wconf 80' lang='lat' dir='ltr'>&#39;l</span> 
     </span>
    </p>
   </div>
   <div class='ocr_carea' id='block_1_5' title="bbox 89 731 943 801">
    <p class='ocr_par' dir='ltr' id='par_1_5' title="bbox 89 731 943 801">
     <span class='ocr_line' id='line_1_10' title="bbox 89 731 943 801; baseline -0.011 -15"><span class='ocrx_word' id='word_1_63' title='bbox 89 737 154 786; x_wconf 88' lang='lat' dir='ltr'>rium</span> <span class='ocrx_word' id='word_1_64' title='bbox 165 736 219 801; x_wconf 70' lang='lat' dir='ltr'>eius</span> <span class='ocrx_word' id='word_1_65' title='bbox 231 737 270 786; x_wconf 89' lang='lat' dir='ltr'>rei</span> <span class='ocrx_word' id='word_1_66' title='bbox 284 736 366 799; x_wconf 86' lang='lat' dir='ltr'>adepti</span> <span class='ocrx_word' id='word_1_67' title='bbox 378 739 448 796; x_wconf 88' lang='lat' dir='ltr'>suut,</span> <span class='ocrx_word' id='word_1_68' title='bbox 462 734 602 784; x_wconf 86' lang='lat' dir='ltr'>simultates</span> <span class='ocrx_word' id='word_1_69' title='bbox 622 732 719 782; x_wconf 84' lang='lat' dir='ltr'>iaciunt</span> <span class='ocrx_word' id='word_1_70' title='bbox 744 745 774 781; x_wconf 88' lang='lat' dir='ltr'>ac</span> <span class='ocrx_word' id='word_1_71' title='bbox 799 731 864 783; x_wconf 89' lang='lat' dir='ltr'>mihi</span> <span class='ocrx_word' id='word_1_72' title='bbox 940 738 943 745; x_wconf 64' lang='lat'><em>⁴</em></span> 
     </span>
    </p>
   </div>
   <div class='ocr_carea' id='block_1_6' title="bbox 89 803 876 1083">
    <p class='ocr_par' dir='ltr' id='par_1_6' title="bbox 89 803 876 1083">
     <span class='ocr_line' id='line_1_11' title="bbox 89 803 865 871; baseline -0.012 -14"><span class='ocrx_word' id='word_1_73' title='bbox 89 807 250 871; x_wconf 86' lang='lat' dir='ltr'>relinquunt;</span> <span class='ocrx_word' id='word_1_74' title='bbox 262 807 365 862; x_wconf 84' lang='lat' dir='ltr'>credite,</span> <span class='ocrx_word' id='word_1_75' title='bbox 383 806 469 858; x_wconf 83' lang='lat' dir='ltr'>Patres</span> <span class='ocrx_word' id='word_1_76' title='bbox 482 803 628 866; x_wconf 79' lang='lat' dir='ltr'>Conscripti,</span> <span class='ocrx_word' id='word_1_77' title='bbox 643 817 684 854; x_wconf 91' lang='lat' dir='ltr'>me</span> <span class='ocrx_word' id='word_1_78' title='bbox 696 814 796 866; x_wconf 82' lang='lat' dir='ltr'>quoque</span> <span class='ocrx_word' id='word_1_79' title='bbox 814 815 865 850; x_wconf 91' lang='lat' dir='ltr'>uon</span> 
     </span>
     <span class='ocr_line' id='line_1_12' title="bbox 90 873 866 938; baseline -0.009 -11"><span class='ocrx_word' id='word_1_80' title='bbox 90 891 145 928; x_wconf 85' lang='lat' dir='ltr'>esse</span> <span class='ocrx_word' id='word_1_81' title='bbox 166 878 334 929; x_wconf 78' lang='lat' dir='ltr'>offensionum</span> <span class='ocrx_word' id='word_1_82' title='bbox 346 877 449 927; x_wconf 90' lang='lat' dir='ltr'>avidum</span> <span class='ocrx_word' id='word_1_83' title='bbox 468 892 474 923; x_wconf 78' lang='grc' dir='ltr'><strong><em>ε</em></strong></span> <span class='ocrx_word' id='word_1_84' title='bbox 489 889 552 938; x_wconf 88' lang='lat' dir='ltr'>quas</span> <span class='ocrx_word' id='word_1_85' title='bbox 561 888 640 937; x_wconf 88' lang='lat' dir='ltr'>quum</span> <span class='ocrx_word' id='word_1_86' title='bbox 658 888 747 937; x_wconf 75' lang='lat' dir='ltr'>graves</span> <span class='ocrx_word' id='word_1_87' title='bbox 763 880 790 922; x_wconf 87' lang='lat' dir='ltr'>et</span> <span class='ocrx_word' id='word_1_88' title='bbox 811 873 866 934; x_wconf 89' lang='lat' dir='ltr'>ple-</span> 
     </span>
     <span class='ocr_line' id='line_1_13' title="bbox 90 941 865 1012; baseline -0.01 -13"><span class='ocrx_word' id='word_1_89' title='bbox 90 961 198 1012; x_wconf 87' lang='lat' dir='ltr'>rumque</span> <span class='ocrx_word' id='word_1_90' title='bbox 211 949 311 1011; x_wconf 86' lang='lat' dir='ltr'>iniquas</span> <span class='ocrx_word' id='word_1_91' title='bbox 326 960 371 1011; x_wconf 91' lang='lat' dir='ltr'>pro</span> <span class='ocrx_word' id='word_1_92' title='bbox 387 946 516 1011; x_wconf 84' lang='lat' dir='ltr'>republica</span> <span class='ocrx_word' id='word_1_93' title='bbox 532 945 678 1008; x_wconf 89' lang='lat' dir='ltr'>suscipiam,</span> <span class='ocrx_word' id='word_1_94' title='bbox 693 943 779 994; x_wconf 85' lang='lat' dir='ltr'>inanes</span> <span class='ocrx_word' id='word_1_95' title='bbox 787 947 813 992; x_wconf 89' lang='lat' dir='ltr'>et</span> <span class='ocrx_word' id='word_1_96' title='bbox 827 941 865 991; x_wconf 93' lang='lat' dir='ltr'>ir-</span> 
     </span>
     <span class='ocr_line' id='line_1_14' title="bbox 90 1014 876 1083; baseline -0.004 -15"><span class='ocrx_word' id='word_1_97' title='bbox 90 1018 152 1069; x_wconf 88' lang='lat' dir='ltr'>ritas</span> <span class='ocrx_word' id='word_1_98' title='bbox 164 1032 246 1083; x_wconf 87' lang='lat' dir='ltr'>neque</span> <span class='ocrx_word' id='word_1_99' title='bbox 257 1017 320 1067; x_wconf 86' lang='lat' dir='ltr'>mibi</span> <span class='ocrx_word' id='word_1_100' title='bbox 332 1023 376 1067; x_wconf 88' lang='lat' dir='ltr'>aut</span> <span class='ocrx_word' id='word_1_101' title='bbox 386 1016 457 1067; x_wconf 84' lang='lat' dir='ltr'>vobis</span> <span class='ocrx_word' id='word_1_102' title='bbox 470 1017 529 1067; x_wconf 90' lang='lat' dir='ltr'>usui</span> <span class='ocrx_word' id='word_1_103' title='bbox 545 1016 644 1066; x_wconf 81' lang='lat' dir='ltr'>suturas</span> <span class='ocrx_word' id='word_1_104' title='bbox 655 1014 715 1079; x_wconf 87' lang='lat' dir='ltr'>jure</span> <span class='ocrx_word' id='word_1_105' title='bbox 733 1014 876 1078; x_wconf 42' lang='lat' dir='ltr'>deprecor...</span> 
     </span>
    </p>
   </div>
   <div class='ocr_carea' id='block_1_7' title="bbox 461 1224 510 1274">
    <p class='ocr_par' dir='ltr' id='par_1_7' title="bbox 461 1224 510 1274">
     <span class='ocr_line' id='line_1_15' title="bbox 461 1224 510 1274; baseline 0.041 -2"><span class='ocrx_word' id='word_1_106' title='bbox 461 1224 510 1274; x_wconf 79' lang='lat' dir='ltr'>tlt</span> 
     </span>
    </p>
   </div>
   <div class='ocr_carea' id='block_1_8' title="bbox 89 1365 875 1436">
    <p class='ocr_par' dir='ltr' id='par_1_8' title="bbox 89 1365 875 1436">
     <span class='ocr_line' id='line_1_16' title="bbox 89 1365 875 1436; baseline 0.009 -19"><span class='ocrx_word' id='word_1_107' title='bbox 89 1365 145 1429; x_wconf 78' lang='lat' dir='ltr'>cap.</span> <span class='ocrx_word' id='word_1_108' title='bbox 160 1365 200 1417; x_wconf 78' lang='grc'>69.</span> <span class='ocrx_word' id='word_1_109' title='bbox 214 1366 395 1418; x_wconf 66' lang='grc' dir='ltr'>ΥσνὺαΤίὺενίἰ</span> <span class='ocrx_word' id='word_1_110' title='bbox 403 1367 431 1417; x_wconf 79' lang='lat' dir='ltr'>in</span> <span class='ocrx_word' id='word_1_111' title='bbox 440 1369 542 1429; x_wconf 82' lang='lat' dir='ltr'>Senatu,</span> <span class='ocrx_word' id='word_1_112' title='bbox 555 1385 630 1436; x_wconf 84' lang='lat' dir='ltr'>quum</span> <span class='ocrx_word' id='word_1_113' title='bbox 640 1372 789 1435; x_wconf 79' lang='lat' dir='ltr'>proconsule</span> <span class='ocrx_word' id='word_1_114' title='bbox 797 1373 875 1424; x_wconf 61' lang='lat' dir='ltr'>Auito</span> 
     </span>
    </p>
   </div>
   <div class='ocr_carea' id='block_1_9' title="bbox 120 1436 866 1641">
    <p class='ocr_par' dir='ltr' id='par_1_9' title="bbox 120 1436 866 1641">
     <span class='ocr_line' id='line_1_17' title="bbox 121 1436 866 1502; baseline 0.011 -15"><span class='ocrx_word' id='word_1_115' title='bbox 121 1436 212 1488; x_wconf 83' lang='lat' dir='ltr'>Silano</span> <span class='ocrx_word' id='word_1_116' title='bbox 223 1437 421 1502; x_wconf 80' lang='lat' dir='ltr'>repetundorum</span> <span class='ocrx_word' id='word_1_117' title='bbox 431 1438 560 1497; x_wconf 83' lang='lat' dir='ltr'>damnato,</span> <span class='ocrx_word' id='word_1_118' title='bbox 580 1439 711 1491; x_wconf 76' lang='lat' dir='ltr'>Dolabella</span> <span class='ocrx_word' id='word_1_119' title='bbox 732 1443 866 1496; x_wconf 76' lang='lat' dir='ltr'>cmaoioeet</span> 
     </span>
     <span class='ocr_line' id='line_1_18' title="bbox 120 1506 866 1584; baseline 0.012 -28"><span class='ocrx_word' id='word_1_120' title='bbox 120 1506 227 1584; x_wconf 62' lang='lat' dir='ltr'>nequis</span> <span class='ocrx_word' id='word_1_121' title='bbox 241 1507 295 1557; x_wconf 77' lang='lat' dir='ltr'>olto</span> <span class='ocrx_word' id='word_1_122' title='bbox 307 1508 445 1572; x_wconf 76' lang='lat' dir='ltr'>probrosus</span> <span class='ocrx_word' id='word_1_123' title='bbox 456 1508 616 1572; x_wconf 78' lang='lat' dir='ltr'>prouinciam</span> <span class='ocrx_word' id='word_1_124' title='bbox 629 1512 769 1573; x_wconf 82' lang='lat' dir='ltr'>sortiretur,</span> <span class='ocrx_word' id='word_1_125' title='bbox 790 1513 866 1580; x_wconf 81' lang='lat' dir='ltr'>idque</span> 
     </span>
     <span class='ocr_line' id='line_1_19' title="bbox 121 1575 417 1641; baseline -0.003 -15"><span class='ocrx_word' id='word_1_126' title='bbox 121 1576 241 1640; x_wconf 77' lang='lat' dir='ltr'>Prmoept</span> <span class='ocrx_word' id='word_1_127' title='bbox 256 1575 417 1641; x_wconf 80' lang='lat' dir='ltr'>dijudicaret.</span> 
     </span>
    </p>
   </div>
   <div class='ocr_carea' id='block_1_10' title="bbox 86 1702 865 2539">
    <p class='ocr_par' dir='ltr' id='par_1_10' title="bbox 86 1702 865 2539">
     <span class='ocr_line' id='line_1_20' title="bbox 120 1702 863 1772; baseline 0.012 -21"><span class='ocrx_word' id='word_1_128' title='bbox 120 1702 173 1752; x_wconf 84' lang='lat' dir='ltr'>lion</span> <span class='ocrx_word' id='word_1_129' title='bbox 182 1703 284 1764; x_wconf 87' lang='lat' dir='ltr'>quidem</span> <span class='ocrx_word' id='word_1_130' title='bbox 292 1702 341 1752; x_wconf 90' lang='lat' dir='ltr'>sibi</span> <span class='ocrx_word' id='word_1_131' title='bbox 351 1703 476 1767; x_wconf 77' lang='lat' dir='ltr'>ignarall)</span> <span class='ocrx_word' id='word_1_132' title='bbox 490 1715 545 1767; x_wconf 82' lang='lat' dir='ltr'>quta</span> <span class='ocrx_word' id='word_1_133' title='bbox 552 1704 583 1754; x_wconf 90' lang='lat' dir='ltr'>de</span> <span class='ocrx_word' id='word_1_134' title='bbox 594 1705 676 1756; x_wconf 85' lang='lat' dir='ltr'>Silano</span> <span class='ocrx_word' id='word_1_135' title='bbox 684 1708 863 1772; x_wconf 78' lang='lat' dir='ltr'>vulgabanlur;</span> 
     </span>
     <span class='ocr_line' id='line_1_21' title="bbox 90 1771 864 1839; baseline 0.009 -20"><span class='ocrx_word' id='word_1_136' title='bbox 90 1772 134 1820; x_wconf 83' lang='lat' dir='ltr'>sed</span> <span class='ocrx_word' id='word_1_137' title='bbox 149 1784 199 1820; x_wconf 88' lang='lat' dir='ltr'>nou</span> <span class='ocrx_word' id='word_1_138' title='bbox 214 1785 244 1820; x_wconf 83' lang='lat' dir='ltr'>ex</span> <span class='ocrx_word' id='word_1_139' title='bbox 256 1784 359 1821; x_wconf 89' lang='lat' dir='ltr'>rumore</span> <span class='ocrx_word' id='word_1_140' title='bbox 379 1771 547 1821; x_wconf 85' lang='lat' dir='ltr'>statuendum.</span> <span class='ocrx_word' id='word_1_141' title='bbox 563 1773 651 1824; x_wconf 83' lang='lat' dir='ltr'>llultos</span> <span class='ocrx_word' id='word_1_142' title='bbox 670 1775 697 1823; x_wconf 89' lang='lat' dir='ltr'>in</span> <span class='ocrx_word' id='word_1_143' title='bbox 720 1777 864 1839; x_wconf 90' lang='lat' dir='ltr'>provinciis,</span> 
     </span>
     <span class='ocr_line' id='line_1_22' title="bbox 89 1841 862 1908; baseline 0.009 -18"><span class='ocrx_word' id='word_1_144' title='bbox 89 1841 262 1901; x_wconf 83' lang='lat' dir='ltr'>contraquam</span> <span class='ocrx_word' id='word_1_145' title='bbox 273 1856 329 1905; x_wconf 87' lang='lat' dir='ltr'>spes</span> <span class='ocrx_word' id='word_1_146' title='bbox 343 1847 387 1891; x_wconf 92' lang='lat' dir='ltr'>aut</span> <span class='ocrx_word' id='word_1_147' title='bbox 400 1848 483 1891; x_wconf 88' lang='lat' dir='ltr'>metus</span> <span class='ocrx_word' id='word_1_148' title='bbox 491 1842 522 1890; x_wconf 91' lang='lat' dir='ltr'>de</span> <span class='ocrx_word' id='word_1_149' title='bbox 532 1842 583 1891; x_wconf 92' lang='lat' dir='ltr'>illis</span> <span class='ocrx_word' id='word_1_150' title='bbox 595 1844 698 1902; x_wconf 90' lang='lat' dir='ltr'>luerint,</span> <span class='ocrx_word' id='word_1_151' title='bbox 711 1846 804 1908; x_wconf 80' lang='lat' dir='ltr'>egisse:</span> <span class='ocrx_word' id='word_1_152' title='bbox 818 1862 862 1897; x_wconf 86' lang='lat' dir='ltr'>ex·-</span> 
     </span>
     <span class='ocr_line' id='line_1_23' title="bbox 89 1911 859 1976; baseline 0.006 -14"><span class='ocrx_word' id='word_1_153' title='bbox 89 1911 163 1963; x_wconf 87' lang='lat' dir='ltr'>citari</span> <span class='ocrx_word' id='word_1_154' title='bbox 179 1914 299 1976; x_wconf 87' lang='lat' dir='ltr'>quosdam</span> <span class='ocrx_word' id='word_1_155' title='bbox 316 1913 348 1963; x_wconf 85' lang='lat' dir='ltr'>ad</span> <span class='ocrx_word' id='word_1_156' title='bbox 362 1913 469 1962; x_wconf 88' lang='lat' dir='ltr'>meliora</span> <span class='ocrx_word' id='word_1_157' title='bbox 482 1913 657 1975; x_wconf 79' lang='lat' dir='ltr'>magnitudine</span> <span class='ocrx_word' id='word_1_158' title='bbox 675 1930 769 1974; x_wconf 91' lang='lat' dir='ltr'>rerum,</span> <span class='ocrx_word' id='word_1_159' title='bbox 786 1917 859 1967; x_wconf 77' lang='lat' dir='ltr'>hebe</span> 
     </span>
     <span class='ocr_line' id='line_1_24' title="bbox 89 1984 864 2048; baseline 0.004 -14"><span class='ocrx_word' id='word_1_160' title='bbox 89 1998 160 2034; x_wconf 89' lang='lat' dir='ltr'>scere</span> <span class='ocrx_word' id='word_1_161' title='bbox 175 1984 245 2033; x_wconf 89' lang='lat' dir='ltr'>alios.</span> <span class='ocrx_word' id='word_1_162' title='bbox 256 1984 340 2048; x_wconf 85' lang='lat' dir='ltr'>lleque</span> <span class='ocrx_word' id='word_1_163' title='bbox 350 1998 420 2046; x_wconf 88' lang='lat' dir='ltr'>posse</span> <span class='ocrx_word' id='word_1_164' title='bbox 437 1984 579 2046; x_wconf 87' lang='lat' dir='ltr'>Principem</span> <span class='ocrx_word' id='word_1_165' title='bbox 593 1999 638 2035; x_wconf 86' lang='lat' dir='ltr'>sua</span> <span class='ocrx_word' id='word_1_166' title='bbox 649 1987 753 2036; x_wconf 91' lang='lat' dir='ltr'>scientia</span> <span class='ocrx_word' id='word_1_167' title='bbox 775 1993 864 2038; x_wconf 87' lang='lat' dir='ltr'>cuncta</span> 
     </span>
     <span class='ocr_line' id='line_1_25' title="bbox 89 2053 865 2120; baseline 0.005 -18"><span class='ocrx_word' id='word_1_168' title='bbox 89 2053 230 2116; x_wconf 89' lang='lat' dir='ltr'>complecti,</span> <span class='ocrx_word' id='word_1_169' title='bbox 245 2067 326 2117; x_wconf 85' lang='lat' dir='ltr'>neque</span> <span class='ocrx_word' id='word_1_170' title='bbox 336 2054 451 2118; x_wconf 84' lang='lat' dir='ltr'>expedire</span> <span class='ocrx_word' id='word_1_171' title='bbox 468 2053 502 2120; x_wconf 72' lang='lat'>(2)</span> <span class='ocrx_word' id='word_1_172' title='bbox 519 2062 548 2105; x_wconf 92' lang='lat' dir='ltr'>ut</span> <span class='ocrx_word' id='word_1_173' title='bbox 563 2056 697 2106; x_wconf 87' lang='lat' dir='ltr'>ambitione</span> <span class='ocrx_word' id='word_1_174' title='bbox 712 2058 793 2106; x_wconf 90' lang='lat' dir='ltr'>aliena</span> <span class='ocrx_word' id='word_1_175' title='bbox 811 2064 865 2107; x_wconf 82' lang='lat' dir='ltr'>tra·</span> 
     </span>
     <span class='ocr_line' id='line_1_26' title="bbox 88 2123 864 2190; baseline 0.008 -17"><span class='ocrx_word' id='word_1_176' title='bbox 88 2125 172 2173; x_wconf 88' lang='lat' dir='ltr'>hatur.</span> <span class='ocrx_word' id='word_1_177' title='bbox 186 2123 243 2173; x_wconf 90' lang='lat' dir='ltr'>ldeo</span> <span class='ocrx_word' id='word_1_178' title='bbox 256 2124 325 2186; x_wconf 81' lang='lat' dir='ltr'>leges</span> <span class='ocrx_word' id='word_1_179' title='bbox 338 2123 365 2174; x_wconf 88' lang='lat' dir='ltr'>iu</span> <span class='ocrx_word' id='word_1_180' title='bbox 376 2125 723 2190; x_wconf 85' lang='lat' dir='ltr'>iactaconstitul‚quiatutura</span> <span class='ocrx_word' id='word_1_181' title='bbox 731 2129 757 2177; x_wconf 93' lang='lat' dir='ltr'>in</span> <span class='ocrx_word' id='word_1_182' title='bbox 768 2128 864 2179; x_wconf 85' lang='lat' dir='ltr'>incerto</span> 
     </span>
     <span class='ocr_line' id='line_1_27' title="bbox 88 2193 862 2257; baseline 0.006 -14"><span class='ocrx_word' id='word_1_183' title='bbox 88 2194 140 2243; x_wconf 90' lang='lat' dir='ltr'>sint</span> <span class='ocrx_word' id='word_1_184' title='bbox 157 2210 163 2241; x_wconf 74' lang='grc' dir='ltr'>ε</span> <span class='ocrx_word' id='word_1_185' title='bbox 178 2193 214 2242; x_wconf 93' lang='lat' dir='ltr'>sic</span> <span class='ocrx_word' id='word_1_186' title='bbox 227 2208 242 2243; x_wconf 90' lang='lat' dir='ltr'>a</span> <span class='ocrx_word' id='word_1_187' title='bbox 257 2193 393 2257; x_wconf 74' lang='lat' dir='ltr'>maioribus</span> <span class='ocrx_word' id='word_1_188' title='bbox 402 2195 544 2245; x_wconf 90' lang='lat' dir='ltr'>institutum</span> <span class='ocrx_word' id='word_1_189' title='bbox 553 2205 586 2253; x_wconf 82' lang='lat' dir='ltr'>ut,</span> <span class='ocrx_word' id='word_1_190' title='bbox 595 2197 862 2256; x_wconf 86' lang='lat' dir='ltr'>siantelssentdelicta,</span> 
     </span>
     <span class='ocr_line' id='line_1_28' title="bbox 88 2265 863 2330; baseline 0.005 -16"><span class='ocrx_word' id='word_1_191' title='bbox 88 2278 169 2328; x_wconf 82' lang='lat' dir='ltr'>poenae</span> <span class='ocrx_word' id='word_1_192' title='bbox 185 2270 359 2327; x_wconf 87' lang='lat' dir='ltr'>sequerentur.</span> <span class='ocrx_word' id='word_1_193' title='bbox 376 2265 409 2314; x_wconf 87' lang='lat' dir='ltr'>lle</span> <span class='ocrx_word' id='word_1_194' title='bbox 429 2272 555 2315; x_wconf 84' lang='lat' dir='ltr'>uerterent</span> <span class='ocrx_word' id='word_1_195' title='bbox 571 2268 696 2328; x_wconf 89' lang='lat' dir='ltr'>sapienter</span> <span class='ocrx_word' id='word_1_196' title='bbox 714 2275 814 2330; x_wconf 89' lang='lat' dir='ltr'>reperta</span> <span class='ocrx_word' id='word_1_197' title='bbox 838 2276 863 2318; x_wconf 89' lang='lat' dir='ltr'>et</span> 
     </span>
     <span class='ocr_line' id='line_1_29' title="bbox 87 2333 862 2398; baseline 0.008 -14"><span class='ocrx_word' id='word_1_198' title='bbox 87 2347 186 2397; x_wconf 90' lang='lat' dir='ltr'>semper</span> <span class='ocrx_word' id='word_1_199' title='bbox 196 2333 287 2398; x_wconf 85' lang='lat' dir='ltr'>placita</span> <span class='ocrx_word' id='word_1_200' title='bbox 300 2334 377 2384; x_wconf 91' lang='lat' dir='ltr'>:satis</span> <span class='ocrx_word' id='word_1_201' title='bbox 402 2348 507 2384; x_wconf 89' lang='lat' dir='ltr'>onerum</span> <span class='ocrx_word' id='word_1_202' title='bbox 525 2335 689 2395; x_wconf 78' lang='lat' dir='ltr'>Principibus,</span> <span class='ocrx_word' id='word_1_203' title='bbox 706 2337 767 2387; x_wconf 89' lang='lat' dir='ltr'>satis</span> <span class='ocrx_word' id='word_1_204' title='bbox 786 2339 862 2390; x_wconf 88' lang='lat' dir='ltr'>etiam</span> 
     </span>
     <span class='ocr_line' id='line_1_30' title="bbox 86 2402 863 2469; baseline 0.009 -18"><span class='ocrx_word' id='word_1_205' title='bbox 86 2402 213 2466; x_wconf 77' lang='lat' dir='ltr'>potentie.</span> <span class='ocrx_word' id='word_1_206' title='bbox 244 2402 321 2454; x_wconf 87' lang='lat' dir='ltr'>llinui</span> <span class='ocrx_word' id='word_1_207' title='bbox 340 2404 409 2468; x_wconf 83' lang='lat' dir='ltr'>jura,</span> <span class='ocrx_word' id='word_1_208' title='bbox 438 2404 534 2467; x_wconf 88' lang='lat' dir='ltr'>quoties</span> <span class='ocrx_word' id='word_1_209' title='bbox 554 2405 644 2468; x_wconf 84' lang='lat' dir='ltr'>gliscat</span> <span class='ocrx_word' id='word_1_210' title='bbox 668 2412 792 2469; x_wconf 83' lang='lat' dir='ltr'>potestas;</span> <span class='ocrx_word' id='word_1_211' title='bbox 817 2421 863 2458; x_wconf 89' lang='lat' dir='ltr'>nec</span> 
     </span>
     <span class='ocr_line' id='line_1_31' title="bbox 88 2473 660 2539; baseline 0.002 -16"><span class='ocrx_word' id='word_1_212' title='bbox 88 2473 208 2523; x_wconf 85' lang='lat' dir='ltr'>utendum</span> <span class='ocrx_word' id='word_1_213' title='bbox 221 2473 338 2539; x_wconf 87' lang='lat' dir='ltr'>imperio,</span> <span class='ocrx_word' id='word_1_214' title='bbox 350 2475 393 2524; x_wconf 90' lang='lat' dir='ltr'>ubi</span> <span class='ocrx_word' id='word_1_215' title='bbox 405 2475 503 2536; x_wconf 83' lang='lat' dir='ltr'>legibus</span> <span class='ocrx_word' id='word_1_216' title='bbox 519 2475 560 2538; x_wconf 81' lang='lat' dir='ltr'>agi</span> <span class='ocrx_word' id='word_1_217' title='bbox 574 2475 660 2537; x_wconf 88' lang='lat' dir='ltr'>possit.</span> 
     </span>
    </p>
   </div>
   <div class='ocr_carea' id='block_1_11' title="bbox 88 2627 862 2750">
    <p class='ocr_par' dir='ltr' id='par_1_11' title="bbox 88 2627 862 2750">
     <span class='ocr_line' id='line_1_32' title="bbox 114 2627 862 2689; baseline 0.012 -18"><span class='ocrx_word' id='word_1_218' title='bbox 114 2627 165 2671; x_wconf 74' lang='lat' dir='ltr'>lllx.</span> <span class='ocrx_word' id='word_1_219' title='bbox 176 2628 197 2673; x_wconf 92' lang='lat' dir='ltr'>l.</span> <span class='ocrx_word' id='word_1_220' title='bbox 216 2629 314 2685; x_wconf 76' lang='lat' dir='ltr'>lquoro.</span> <span class='ocrx_word' id='word_1_221' title='bbox 328 2630 401 2674; x_wconf 78' lang='lat' dir='ltr'>Tacite</span> <span class='ocrx_word' id='word_1_222' title='bbox 416 2643 464 2674; x_wconf 83' lang='lat' dir='ltr'>cm·</span> <span class='ocrx_word' id='word_1_223' title='bbox 489 2632 590 2689; x_wconf 72' lang='lat' dir='ltr'>locotus.</span> <span class='ocrx_word' id='word_1_224' title='bbox 607 2654 634 2664; x_wconf 94' lang='lat'>-</span> <span class='ocrx_word' id='word_1_225' title='bbox 649 2632 670 2676; x_wconf 71' lang='lat'>2.</span> <span class='ocrx_word' id='word_1_226' title='bbox 686 2632 813 2688; x_wconf 63' lang='lat' dir='ltr'>Expedita,</span> <span class='ocrx_word' id='word_1_227' title='bbox 833 2646 862 2680; x_wconf 81' lang='lat' dir='ltr'>eu</span> 
     </span>
     <span class='ocr_line' id='line_1_33' title="bbox 88 2687 778 2750; baseline 0.009 -19"><span class='ocrx_word' id='word_1_228' title='bbox 88 2687 144 2743; x_wconf 83' lang='lat' dir='ltr'>plaic</span> <span class='ocrx_word' id='word_1_229' title='bbox 167 2698 260 2735; x_wconf 83' lang='lat' dir='ltr'>souvout</span> <span class='ocrx_word' id='word_1_230' title='bbox 282 2691 382 2749; x_wconf 69' lang='lat' dir='ltr'>tuncrus</span> <span class='ocrx_word' id='word_1_231' title='bbox 406 2705 463 2750; x_wconf 88' lang='lat' dir='ltr'>pour</span> <span class='ocrx_word' id='word_1_232' title='bbox 489 2698 575 2744; x_wconf 74' lang='lat' dir='ltr'>renue,</span> <span class='ocrx_word' id='word_1_233' title='bbox 585 2703 642 2750; x_wconf 89' lang='lat' dir='ltr'>pour</span> <span class='ocrx_word' id='word_1_234' title='bbox 654 2692 778 2737; x_wconf 74' lang='lat' dir='ltr'>alileam.</span> 
     </span>
    </p>
   </div>
   <div class='ocr_carea' id='block_1_12' title="bbox 0 0 956 3216">
    <p class='ocr_par' dir='ltr' id='par_1_12' title="bbox 0 0 956 3216">
     <span class='ocr_line' id='line_1_34' title="bbox 0 0 956 3216; baseline 0 0"><span class='ocrx_word' id='word_1_235' title='bbox 0 0 956 3216; x_wconf 95' lang='lat' dir='ltr'> </span> 
     </span>
    </p>
   </div>
  </div>
 </body>
</html>
