1904 3216
134 168 181 218 an
412 227 415 232 A
436 168 597 230 cannonis

134 281 283 344 possumus?
294 281 368 333 iiulta
380 282 408 333 in
419 285 585 347 nosmetipsos
593 284 706 334 recident
719 284 812 348 quibus
826 285 862 348 (5)
870 286 917 336 ad-

134 354 182 402 huc
197 351 311 403 vicimus.
325 353 433 403 Fortuna
445 354 505 404 belli
521 361 600 403 antem
617 354 697 404 victos
709 369 807 418 quoque
825 356 914 406 docet.

133 422 234 472 Utribus
250 436 348 474 amnem
365 424 506 486 trajiciendi
520 424 660 488 exemplum
677 425 782 476 fecimus
797 439 884 490 nuper
904 443 912 476 ι

133 493 189 551 hoc,
209 499 238 543 ut
254 494 349 557 Scythae
366 495 461 544 imitari
481 495 601 552 nesciant,
624 495 747 553 Bactriani
760 496 912 546 docebunt.

83 587 86 592 ·
134 561 255 623 Praeterea
272 578 337 614 unus
352 565 434 627 gentis
450 565 526 628 hujus
536 566 659 616 exercitus
671 567 750 615 adhuc
760 566 829 616 venit
838 581 846 625 3
866 581 916 617 ce·

133 633 183 684 teri
199 636 379 696 exspectantur.
396 638 433 686 lta
450 636 542 686 bellum
555 636 655 685 vitando
671 636 775 696 alemus,
793 641 820 685 et
839 639 914 699 quod

133 704 228 754 inferre
236 718 375 767 possumus,
392 706 504 768 accipeie
516 718 642 766 cogemur.
656 705 782 754 Manifesta
793 711 832 755 est
847 720 914 756 con-

120 774 184 825 silii
198 774 247 824 mei
261 775 335 825 ratio.
351 777 398 825 Sed
413 790 444 825 an
455 775 605 838 permissuri
621 775 673 825 'sint
683 776 747 825 mihi
760 774 912 830 Macedones

133 845 217 911 animo
225 846 266 899 uti.
274 858 339 903 meo,
352 846 450 903 dubito;
464 845 575 908 quidex
581 859 632 908 quo
640 846 688 894 hoc
699 846 789 895 vulnus
808 849 910 910 accepi,

133 928 183 965 non
194 928 257 976 equo
269 919 430 973 neomesiam,
445 929 496 963 non
507 914 612 977 pedihus
626 913 762 976 ingressus.
775 914 823 964 Sed
835 915 914 966 sime

133 984 203 1046 sequi
216 985 300 1043 vultis,
312 986 390 1044 valeo,
404 985 487 1034 amici.
501 983 565 1034 Satis
576 984 670 1033 virium
681 991 719 1034 est
737 984 768 1033 ad
779 985 912 1036 toleranda

134 1049 193 1110 istac
212 1059 256 1103 aut
270 1054 293 1103 si
307 1055 359 1116 jam
374 1056 443 1104 adest
454 1055 511 1104 vitae
529 1068 591 1104 meae
608 1054 676 1113 finis,
695 1055 722 1102 in
739 1068 791 1117 qno
805 1055 911 1105 tandem

132 1131 208 1189 olicae
218 1125 308 1175 melius
317 1125 461 1186 exstinguar
473 1124 485 1171 ‘i

483 1315 539 1365 'xxi

209 1456 264 1519 cap.
278 1456 463 1514 cancerata
475 1455 623 1518 saetarum
640 1454 826 1521 zeqaeorumaa
866 1517 872 1524 ⁵
899 1458 902 1462 ’

424 1527 603 1578 Alexandrum.

153 1653 264 1701 Quumiam
272 1652 336 1691 omnia
343 1654 368 1692 ad
377 1653 515 1701 trajiciendum
523 1652 595 1692 flumen
605 1652 834 1737 Hsscedonesaptassent.
842 1654 907 1704 legati

132 1699 249 1746 Scytharum
260 1698 327 1745 viginti
344 1699 368 1736 ad
384 1698 514 1737 Alexandrum
524 1697 609 1736 veniunt
639 1709 651 1735 ι
665 1699 696 1736 his
709 1700 806 1737 maximus
823 1706 871 1738 natu
886 1701 906 1740 in

131 1743 183 1782 hunc
189 1743 269 1781 modum
277 1745 355 1780 locutus
363 1746 393 1780 ost
401 1757 406 1780 :

157 1840 259 1884 L'aviditd
272 1839 409 1884 d'diexandrc
427 1846 461 1884 est
476 1840 601 1892 insatiable;
617 1840 665 1883 rien
681 1853 710 1885 ne
723 1840 821 1894 lanto,
837 1856 867 1888 nc
883 1845 905 1889 lc

129 1901 362 1957 satisiaitdgnoret-il
370 1914 414 1957 qne
423 1902 443 1944 le
450 1902 526 1945 travail
536 1902 574 1943 des
582 1901 726 1957 anneaspdrit
736 1911 828 1946 socient
835 1917 864 1948 en
873 1920 904 1949 un

128 1964 192 2020 jour?
202 1987 229 1995 -
242 1963 319 2013 Qu'ont
330 1963 357 2005 de
369 1975 472 2007 commun
483 1963 515 2006 les
528 1962 616 2018 Scythes
627 1975 678 2006 avec
686 1963 733 2006 lui?
741 1963 769 2006 lls
780 1976 808 2007 ne
819 1965 840 2008 ic
852 1979 906 2010 con·

129 2026 226 2068 naissent
234 2024 303 2067 meme
313 2037 359 2079 pas.
373 2023 401 2066 Ils
410 2037 438 2068 ne
446 2025 532 2068 venient
545 2024 712 2067 nicommandci·
721 2026 743 2067 ni
753 2024 829 2079 abdiu
838 2027 868 2071 ils
875 2043 904 2074 nc

129 2086 260 2130 demandent
266 2086 314 2128 rien
320 2100 326 2136 ς
332 2085 451 2139 cependant
457 2086 485 2127 iis
492 2086 618 2140 pourraient
626 2085 686 2128 aussi
695 2085 752 2128 inire
758 2086 797 2128 dos
804 2090 904 2142 conque-

130 2155 170 2192 tes.
179 2173 206 2180 —
212 2148 358 2192 Alexandresa
366 2154 431 2188 vante
440 2146 468 2190 de
474 2148 605 2202 ponrsuivre
611 2146 766 2202 dcsbrigands;
772 2147 858 2192 n'est-ii
864 2162 903 2205 pas

129 2208 244 2255 ini-meme
256 2208 451 2263 unbrigandtQue
462 2208 490 2252 dc
504 2220 554 2264 pays
566 2207 646 2252 n'a·t·il
659 2221 698 2264 pas
707 2208 809 2253 adleves?
818 2209 845 2252 Sa
860 2211 906 2254 soii

130 2402 174 2435 non
188 2392 367 2446 officiique-5.
388 2391 499 2434 saltata
526 2405 591 2435 cours
611 2405 617 2435 :
638 2409 649 2431 a
667 2393 718 2443 Quas
740 2393 824 2437 locutos
850 2407 903 2440 esse

129 2466 170 2498 nos
184 2451 418 2508 redecimatione...
433 2451 500 2494 beau·
528 2454 634 2511 «Scythas
650 2455 708 2510 apud
721 2467 797 2511 regem
815 2468 902 2501 memo-

129 2528 185 2571 coup
202 2516 229 2558 dc
251 2515 327 2556 choses
351 2513 500 2556 retombsront
529 2515 584 2557 «ria
602 2515 711 2570 proditum
726 2522 766 2570 est,
781 2515 905 2561 abhorrent.

128 2575 324 2625 suanense-dd.
341 2577 499 2630 onemploiera
528 2576 637 2619 «forsitan
655 2576 754 2619 moribus
776 2579 859 2620 nostris
878 2588 901 2623 et

127 2647 203 2684 contre
214 2638 499 2693 nous-mimcslesmoycns
528 2644 644 2692 «tempora
660 2645 683 2682 et
698 2639 786 2692 ingenia
804 2639 900 2684 cultiora

127 2714 166 2757 par
175 2700 271 2755 lesquels
281 2711 336 2742 nous
346 2711 412 2742 avons
421 2701 500 2743 vaincn
527 2700 642 2751 «sortitis5
656 2700 694 2742 sed
710 2705 735 2742 ut
743 2701 811 2754 possit
827 2704 899 2745 oratic

125 2762 237 2816 jusqn'ici.
527 2773 621 2804 «eorum
642 2762 729 2817 sperni,
751 2767 825 2805 nmen
845 2763 898 2807 fides

152 2821 204 2867 xxi.
221 2822 278 2865 Voici
293 2823 313 2865 ia
330 2835 445 2878 remnrqne
459 2835 499 2877 par
528 2829 618 2866 «nostra
634 2835 678 2866 non
695 2823 776 2881 debet:
793 2835 843 2879 quac
865 2832 901 2868 ut-

119 2886 219 2943 inquefle
229 2885 289 2939 Q.-C.
300 2886 407 2931 introduit
422 2897 447 2929 ce
456 2884 499 2928 dis-
528 2896 639 2941 «cumque
657 2893 709 2930 sunt
720 2884 811 2937 tradita,
826 2888 899 2930 incor-
