1904 3216
18 196 21 205 -
108 166 155 217 eto
359 143 362 149 '
408 164 571 215 onnriones

139 280 221 329 Nullos
228 278 316 342 impios
325 280 392 339 deos,
402 280 484 328 nullas
495 277 647 334 devotiones,
660 291 706 327 nec
718 277 786 328 eliud
799 278 883 330 infeli·

108 351 179 401 cihus
190 349 305 412 precibus
315 349 434 408 invocavi,
442 362 517 413 quem
526 354 555 398 ut
568 348 636 397 hunc
648 348 772 411 optimum
782 354 882 412 petrem

108 429 144 479 tu,
157 420 246 479 Caesar,
253 425 278 469 et
286 433 337 477 vos,
349 420 440 476 Penes,
452 418 587 468 servaretis
597 418 756 468 incolumem.
766 419 883 482 Sicgem-

108 506 160 542 mes
167 496 284 546 etvestes,
297 495 321 538 et
328 488 457 550 dignitatis
468 487 577 548 insignia
586 488 651 546 dedi,
662 489 817 551 quomodosi
825 504 883 540 sen·

108 562 210 624 guinem
216 565 241 609 et
252 560 327 609 vitem
336 558 513 622 poposcissent.
522 559 633 609 Viderint
641 558 692 615 isti,
703 561 809 610 antehac
816 561 883 611 mihi

108 631 252 693 ignotique
262 629 361 679 nomine
370 630 429 687 sint,
438 642 500 691 ques
507 635 573 679 artes
584 635 728 678 exerceant:
737 631 807 679 niule
816 633 883 683 mihi

108 701 230 763 Principis
237 700 330 749 mentio
341 699 390 748 nisi
398 699 464 748 inter
471 699 574 749 numine
586 699 643 748 tuit.
651 700 733 750 Nescit
739 706 826 752 temen
834 704 883 754 mi·

109 771 228 823 cetuimus
235 775 319 832 pater3
327 774 360 830 et,
373 769 395 819 si
407 768 503 818 crimen
510 775 557 827 est,
568 771 619 818 sole
628 770 732 833 deliqui.

192 1062 250 1117 ΒΧ
271 1063 450 1114 ΜΒΝ]
472 1062 789 1116 utsuonmwtt

467 1311 517 1362 tit

108 1471 163 1535 Gap.
181 1471 213 1520 15
230 1476 256 1522 et
273 1470 311 1520 ld.
330 1467 415 1522 Oratio
427 1466 513 1521 Gattoe
530 1466 690 1534 imperatorie
702 1468 738 1518 ad
753 1469 883 1533 Pisonem,

269 1561 342 1611 quum
353 1560 408 1593 eum
426 1544 568 1608 adoptaret.
583 1543 649 1607 (L'en
664 1541 711 1606 69.)

132 1699 217 1746 uepuuo
228 1701 312 1744 Nerone,
326 1699 384 1737 catha
395 1699 502 1747 proconsul
515 1697 594 1736 militari
611 1697 706 1738 sutirerio
715 1698 778 1751 lectus
790 1703 836 1738 eret
844 1702 886 1740 lur-

109 1748 198 1787 Ἥδιον,
211 1753 281 1792 percus
293 1755 316 1781 sc
331 1753 413 1781 severus
424 1753 493 1786 senex.
504 1747 525 1780 et
539 1742 662 1795 eduolienndu
674 1743 700 1782 im
709 1753 751 1780 »ern
767 1745 835 1782 munia
845 1755 885 1793 per

112 1791 188 1826 etatem
199 1786 301 1825 invalidus.
318 1788 345 1825 ub
360 1797 383 1824 en
399 1798 458 1835 quum
468 1797 490 1826 se
504 1796 572 1838 sperni
587 1787 712 1834 intelligere.
728 1788 884 1839 accepissetque

111 1832 171 1870 etiam
186 1831 308 1869 Germanicas
320 1831 408 1878 legiones
425 1836 540 1868 secr-ementi
560 1836 688 1868 reverentiam
701 1841 793 1883 rupisse.
809 1834 885 1882 presi·

110 1877 164 1914 dinm
175 1875 219 1920 sibi,
231 1875 323 1924 adoptato
332 1875 391 1913 nobili
400 1878 421 1912 et
427 1876 508 1922 egregio
517 1875 559 1912 viro
569 1874 638 1913 Pisone
647 1875 749 1920 utonem,
759 1885 832 1924 perere
841 1882 885 1917 sta-

110 1921 155 1958 tuit.
165 1920 214 1957 llum
223 1919 282 1966 igitur
292 1918 376 1958 ueritum
385 1921 405 1957 in
417 1919 469 1958 hiurc
478 1919 557 1957 modum
565 1920 684 1968 alloquitur:
847 1930 850 1936 ·

135 2065 165 2108 De
175 2067 290 2121 l'ndoption
302 2066 328 2110 de
339 2067 403 2109 Pison
415 2067 526 2123 pardalin
537 2067 552 2109 il
563 2079 590 2109 ne
600 2073 652 2120 peut
661 2064 757 2110 resulter
766 2076 884 2122 pourtous

107 2126 164 2169 deux
175 2127 255 2182 quode
270 2128 289 2170 le
300 2128 376 2182 gleire.
390 2128 447 2171 Dens
457 2141 496 2171 son
507 2129 577 2178 choix,
590 2127 655 2171 Galba
665 2128 700 2171 n'a
709 2141 748 2184 pes
760 2140 789 2170 en
799 2143 844 2174 rue
859 2133 882 2176 ln

107 2186 217 2241 grandeur
224 2186 250 2229 de
264 2200 287 2229 se
297 2187 388 2240 familie,
397 2189 453 2231 meis
460 2189 493 2232 les
502 2188 595 2243 grandes
605 2188 700 2243 qualites
709 2189 736 2231 de
752 2189 815 2233 celui
823 2193 883 2247 qu'il

106 2248 192 2304 adopte.
201 2270 228 2279 —
243 2246 293 2291 lore
302 2256 375 2292 contre
389 2248 522 2302 lutreiste,
539 2249 602 2292 Pison
615 2263 640 2292 ve
658 2250 739 2293 avoirt
753 2252 883 2301 combuttre

107 2322 138 2352 un
147 2310 235 2353 ennemi
246 2309 295 2365 plus
306 2310 432 2354 redoutoble
441 2323 527 2364 encore,
537 2311 670 2354 l'aduletion.
679 2311 767 2354 Partout
776 2312 798 2357 le
808 2314 884 2362 verite

107 2381 134 2412 re
144 2382 168 2413 ee
177 2371 256 2415 ceeher
269 2371 296 2415 de
309 2371 348 2415 lui.
359 2396 386 2405 -
396 2373 464 2416 Rome
474 2386 502 2415 ne
513 2380 566 2426 peut
574 2372 624 2427 plus
634 2385 657 2414 se
668 2385 741 2428 passer
750 2373 806 2417 d'un
815 2376 882 2431 ehei;

106 2431 119 2474 d
133 2443 174 2474 son
187 2434 234 2486 ege,
250 2432 315 2475 Galba
324 2447 351 2476 ne
361 2440 414 2489 peut
421 2434 527 2476 s'essurer
543 2435 611 2489 qu'un
621 2433 664 2477 bon
674 2447 813 2479 successeur.
823 2438 885 2484 G'est

107 2504 150 2536 une
168 2495 245 2548 espdoe
259 2494 286 2537 de
298 2493 376 2537 liberte
392 2506 435 2549 que
451 2494 549 2550 l'empire
569 2497 600 2537 nit
614 2495 674 2538 cesse
690 2495 759 2539 d’etre
770 2498 793 2541 le
809 2503 883 2556 petri·

107 2554 182 2597 moine
192 2554 257 2597 d'une
270 2556 360 2597 maison.
374 2555 440 2598 lintre
453 2555 473 2597 ln
484 2558 596 2597 nnissnnce
610 2563 632 2598 et
643 2556 768 2612 l'edoption‚
779 2558 820 2616 ily
835 2575 848 2605 a
860 2576 882 2607 ,ι

107 2615 227 2659 difference
236 2617 266 2659 du
276 2617 354 2658 hasard
367 2616 379 2658 d
389 2629 420 2659 un
429 2616 493 2660 choix
502 2615 590 2658 morire.
605 2639 632 2647 -
642 2616 712 2666 Quent
721 2614 764 2660 eu'x
778 2620 883 2666 troubles

107 2675 134 2718 de
141 2674 248 2730 l'empire‚
256 2689 299 2732 que
306 2677 367 2719 Pison
378 2690 405 2720 ne
415 2678 462 2721 s'en
470 2677 552 2720 alanne
562 2677 624 2731 point
635 2691 640 2719 ε
654 2690 693 2720 son
702 2678 805 2734 adoption
816 2683 883 2726 seule

45 2766 49 2771 .
106 2748 132 2778 ve
143 2736 175 2779 les
184 2739 276 2792 epeiser.
292 2738 322 2780 liu
336 2743 401 2784 reste.
412 2741 428 2782 it
442 2741 483 2782 seit
494 2752 517 2780 se
534 2738 651 2791 conduire3
666 2738 719 2793 qn’il
736 2751 760 2782 se
778 2743 883 2796 reppelle

107 2798 229 2842 seulement
246 2813 289 2855 quo
298 2800 364 2843 Rome
378 2814 405 2845 ne
417 2808 470 2857 peut
479 2808 595 2858 supporter
604 2801 627 2842 ni
645 2800 744 2844 l'entidre
761 2803 883 2849 servitude

52 2860 127 3008 xri
134 2859 237 2906 l'ontiero
251 2860 342 2907 libent.
