1904 3216
89 211 120 262 {18
390 209 550 260 ouillunus

90 334 173 377 movet
185 343 191 376 ι
203 329 246 377 sed
256 341 334 389 nuum
343 333 470 377 autmorte
476 333 518 376 tua
527 324 657 375 sancienda
667 324 718 374 sint
726 324 857 374 consulum

90 399 205 462 imperia,
215 406 257 449 aut
271 398 455 461 impunitatem
470 403 618 460 perpetuum
627 396 777 457 abroganda,
787 409 820 445 ue
833 403 858 444 te

91 471 201 532 quidem,
211 470 231 518 si
241 470 305 531 ,quid
318 469 344 517 in
354 476 380 518 te
389 469 466 517 nostri
475 469 602 530 sanguinis
611 475 657 524 est,
669 481 786 518 recusare
795 480 857 515 cen·

64 580 67 585 ,
90 554 156 591 seam
166 539 229 603 quin
242 540 394 602 disciplinam
406 539 548 596 militarem,
563 539 637 601 culpa
649 545 691 586 tua
705 538 857 601 prolapsam,

24 610 27 614 “
90 622 162 672 poeua
174 607 303 660 restituas.
317 609 336 667 I,
353 607 434 669 lictor,
444 609 526 669 deliga
537 609 568 657 ad
584 608 676 671 palum.

435 767 510 816 txvn

91 886 148 948 Cap.
162 885 202 934 15.
219 883 304 936 Oratio
322 881 394 933 Furti
415 879 516 932 Camilli
532 880 640 931 conculis
656 880 692 930 ad
710 881 806 940 Patres,
826 882 858 931 dc

256 951 364 1004 Latinis
378 950 431 1016 (tlt
447 952 486 1010 lt,
501 951 547 1000 555
558 965 596 1000 av.
613 949 691 1016 J.-c.)

114 1075 224 1115 perdomito
233 1074 294 1118 tatio.
308 1075 329 1112 ln
342 1073 413 1126 [urina
428 1072 519 1112 camillus
531 1073 631 1113 consulad
643 1077 732 1112 canatum
741 1072 802 1112 refert
810 1072 860 1121 quid

90 1120 118 1159 de
126 1120 201 1159 Latinis
208 1119 335 1159 statuendum
343 1121 376 1157 tit.

117 1217 158 1260 Les
171 1217 243 1260 Latina
259 1221 309 1259 sont
327 1214 424 1266 raduits3
440 1227 484 1270 que
502 1213 523 1257 le
538 1213 600 1257 senat
612 1213 687 1256 decide
701 1213 729 1258 de
741 1213 795 1257 leur
805 1219 857 1256 sort.

90 1279 147 1329 Qu'il
156 1279 221 1321 ruine
233 1291 264 1320 uu
274 1289 326 1333 pays
335 1276 354 1320 ai
367 1276 490 1331 lougtemps
504 1275 559 1319 utile
573 1275 586 1318 ἰ
597 1275 616 1317 la
627 1275 737 1329 grandem·
745 1275 773 1318 de
783 1275 858 1326 lloma,

91 1353 121 1383 ou
134 1339 189 1395 qu'il
207 1339 309 1382 s'attaclre
324 1338 337 1381 a
352 1337 432 1393 jamnis
450 1337 483 1380 les
498 1338 589 1380 vaincus
609 1349 649 1392 par
666 1337 704 1380 des
722 1337 860 1380 concessione

91 1401 215 1445 benevoles.
225 1400 254 1444 Le
262 1401 339 1444 consul
348 1413 360 1443 a
370 1399 411 1443 fait
419 1398 555 1452 sondevoir;
563 1398 615 1441 c'est
623 1410 652 1441 au
661 1397 757 1442 aduatda
767 1397 823 1441 laire
835 1399 858 1442 le

91 1467 149 1509 sicu.

122 1560 208 1609 Patres
221 1556 368 1620 Conscripti,
378 1557 444 1620 quod
451 1557 519 1606 bello
529 1556 657 1618 armisque
666 1555 692 1604 iu
706 1555 774 1606 Latio
785 1569 861 1618 agen·

90 1628 151 1678 dum
160 1627 218 1685 luit,
228 1626 315 1694 idjam
324 1625 399 1676 deum
408 1626 561 1689 benignitate
572 1640 600 1675 ac
608 1626 701 1675 virtute
711 1625 820 1676 militum
829 1627 861 1676 ad

92 1695 249 1745 finemvenit.
260 1695 320 1745 Gaesi
329 1695 361 1744 ad
374 1694 465 1743 l'edurn
475 1697 638 1756 Asturamque
652 1693 686 1757 (l)
700 1698 758 1743 sunt
766 1695 861 1744 exerci-

92 1774 132 1816 tus
145 1765 252 1816 hostium
266 1765 369 1826 :oppida
384 1765 466 1814 latim
480 1765 562 1814 omnia
575 1770 600 1813 et
608 1764 707 1813 Antium
721 1777 751 1813 ex
761 1765 858 1824 Volscis,

93 1837 165 1887 autri
173 1841 250 1896 cauta,
259 1839 402 1897 autrecepta
410 1835 602 1890 indeditionem,
610 1833 735 1895 presidiis
741 1841 861 1885 tenentur

92 1906 188 1958 uestris.
201 1905 303 1968 Reliqua
321 1906 467 1955 consultatio
475 1913 522 1962 est,
533 1905 649 1967 quoniam
660 1907 801 1956 rebellando
813 1921 862 1956 sae·

93 1979 148 2044 pius
160 1991 205 2026 nos
214 1975 354 2033 sollicitant,
364 1990 471 2038 quonam
480 1975 552 2026 modo
560 1982 676 2038 perpetua
685 1990 747 2039 pace
763 1977 861 2040 quietos

93 2048 257 2099 obtineamus.
266 2046 303 2094 liii
309 2047 461 2095 immortales
470 2047 503 2095 ita
513 2061 554 2096 vos
560 2052 672 2109 potentes
680 2047 755 2109 hujus
764 2049 862 2098 consilii

94 2121 214 2175 teceruut,
224 2121 252 2166 ut
264 2114 298 2165 sit
308 2115 401 2165 latium
411 2115 508 2175 deinde,
520 2130 551 2165 an
559 2130 609 2165 non
618 2117 659 2173 sit.
666 2118 776 2168 iuvestra
785 2132 862 2169 manu

94 2188 231 2253 posuerint.
244 2188 328 2249 ltaque
343 2200 427 2248 pacem
440 2187 517 2240 vobis.
531 2187 595 2249 quod
608 2186 639 2235 ad
653 2186 749 2237 Latinos
762 2189 860 2248 attinet,

94 2271 183 2322 parare
192 2258 218 2306 in
233 2263 389 2319 perpetuum,
404 2256 441 2306 vel
452 2257 585 2315 saeviendo,
597 2257 635 2306 vel
644 2259 801 2319 ignoscendo,
815 2275 862 2322 po-

94 2329 171 2378 testis.
185 2327 263 2377 Vultis
279 2327 414 2377 crudeliter
425 2328 554 2377 consulere
567 2328 594 2376 in
607 2328 704 2378 deditos
719 2331 862 2393 victosque?

94 2400 151 2448 licet
158 2400 241 2448 delere
253 2412 325 2447 omne
340 2397 444 2455 Latium,
455 2405 536 2448 rastas
545 2398 603 2448 inde
616 2399 759 2449 solitudines
769 2399 861 2461 iacere,

94 2469 159 2518 unde
172 2468 258 2518 sociali
267 2469 368 2531 egregio
382 2467 491 2517 exercitu
504 2470 634 2530 permulta
645 2469 709 2518 bella
723 2482 863 2532 magnaque

94 2553 157 2601 saepe
181 2540 221 2588 usi
245 2539 313 2588 estis.
336 2539 415 2588 Vultis
437 2538 548 2601 exemplo
562 2540 682 2601 majorum
700 2553 792 2601 augere
806 2554 862 2590 rem

94 2609 237 2667 Romanam,
254 2611 331 2660 victos
346 2609 373 2658 in
385 2608 509 2658 civitatem
520 2609 677 2671 accipiendo‘.l
688 2610 792 2660 materia
803 2623 862 2661 cre-

95 2679 177 2729 scendi
189 2694 234 2744 per
243 2693 364 2730 summam
371 2679 478 2742 gloriam
491 2680 630 2742 suppeditat
643 2678 676 2744 (i)
684 2686 773 2737 ;'certe
783 2682 807 2730 id
817 2682 863 2731 lir-

120 2801 197 2845 ttvtl.
216 2804 236 2846 l.
253 2802 352 2855 Pedum,
370 2803 423 2846 dans
443 2802 464 2845 le
492 2809 514 2845 at
530 2802 602 2857 bourg
618 2801 656 2845 des
678 2802 790 2859 lolsquos,
810 2805 862 2860 pide

94 2863 269 2919 Latium‚dpeu
284 2865 310 2908 de
326 2866 422 2908 distance
436 2865 463 2908 de
491 2864 606 2915 d'dutium,
630 2863 675 2918 aui.
699 2864 777 2908 Annio.
794 2888 822 2898 -
838 2867 860 2911 2.

83 2924 161 2977 Roma,
172 2926 260 2982 dl'ast,¹
275 2929 371 2982 Astura,
381 2927 463 2973 rividre
490 2925 636 2985 Suppeditct,
644 2936 665 2982 p.
671 2926 781 2984 reppetit,
787 2927 861 2975 adut.
