1904 3216
137 177 185 228 560
441 172 603 223 outttouus

167 295 251 345 Patres
272 290 419 353 Conscripti,
439 289 536 350 Micipsa
555 294 625 350 pater
636 301 706 336 meus
722 285 832 335 moriens
844 285 908 335 mihi

135 362 263 427 praecepit,
275 360 314 409 uti
319 360 392 421 regni
402 358 522 407 Numidiae
528 356 700 405 tantummodo
708 355 909 417 procurationem

135 433 312 483 existumarem
323 443 411 484 meam,
427 428 584 486 ceterumjua
592 434 616 476 et
624 426 758 489 imperium
769 424 824 486 ejus
833 439 910 488 penes

135 519 177 555 vos
186 518 255 562 essc;
270 501 346 551 simul
362 501 472 550 eniterer
480 499 548 548 domi
560 498 707 559 militiaeque
717 509 910 559 quammaxumo

1 638 3 647 Ι
90 614 94 623 .
136 575 194 625 usui
207 586 261 623 esse
271 572 363 635 populo
374 572 482 620 Romano
491 587 498 626 ;
506 583 547 619 vos
558 569 619 618 mihi
633 575 804 630 cognatorum,
817 580 862 617 vos
873 569 911 616 af-

133 639 223 690 finium
234 643 289 691 loco
305 645 439 691 ducerem:
455 641 476 689 si
494 653 522 688 ea
542 639 665 693 fecissem,
682 638 710 686 in
724 645 807 687 vostra
823 636 914 687 amici·

134 712 169 760 tia
177 713 321 768 exercitum,
335 711 443 765 divitias.
454 708 609 758 munimenta
617 708 687 768 regni
699 721 740 755 me
753 708 911 757 habiturum.

135 783 194 838 Quae
209 794 286 842 quum
301 784 424 842 praecepta
434 778 546 841 parentis
558 779 608 827 mei
622 780 755 840 agitarem,
772 779 908 841 Iugurtha,

136 853 208 900 homo
220 849 341 906 omnium,
348 863 410 912 quos
417 848 607 905 terrasustinet‚
615 848 840 906 sceleratissumus‚
848 864 908 899 con-

134 929 227 984 tcmpto
238 919 344 983 imperio
356 926 445 979 vestro,
457 919 591 968 Masinissae
602 933 642 968 me
652 925 766 982 nepotem
778 926 803 969 et
812 918 866 982 jam
875 921 907 970 ab

52 1020 56 1027 ·
134 993 213 1054 stirpe
223 990 318 1040 socium
337 997 412 1052 atque
421 989 530 1038 amicum
540 991 626 1053 populi
638 990 750 1047 Romani,
762 1004 842 1052 reguo
854 991 918 1040 ior-⁴

134 1062 252 1124 tunisqua
261 1061 377 1110 omnibus
386 1059 491 1121 expulit.
509 1060 587 1122 Atque
598 1073 650 1123 ego,
664 1061 749 1109 Patres
756 1061 906 1123 Conscripti,

133 1131 250 1195 quoniam
257 1145 287 1181 eo
295 1130 453 1180 miseriarum
465 1136 585 1179 venturus
598 1144 674 1186 eram,
688 1130 776 1178 vetlem
783 1131 866 1194 potius
875 1133 906 1181 ob

134 1217 188 1252 mea
198 1217 273 1266 quam
287 1202 318 1251 ob
328 1200 452 1262 majorum
469 1212 582 1249 meorum
594 1199 711 1249 beneficia
727 1215 822 1262 possea
834 1200 907 1252 vobis

134 1272 257 1323 auxilium
267 1280 362 1334 potere,
377 1284 405 1319 ac
424 1283 537 1318 maxume
547 1268 580 1333 (t)
592 1269 677 1318 deberi
686 1270 748 1318 mihi
759 1271 880 1323 beneficia
891 1287 907 1322 a
918 1270 921 1275 ’

133 1344 224 1408 populo
239 1343 355 1398 Romano,
378 1340 471 1403 quihus
482 1353 531 1389 nou
544 1353 658 1402 egerem
673 1342 810 1390 secuudum
820 1357 850 1392 ea
862 1343 906 1408 (2),

134 1415 157 1464 si
166 1412 327 1464 desideranda
333 1417 414 1468 erant,
424 1409 462 1459 uti
474 1409 565 1460 debitis
572 1417 667 1461 uterer.
677 1411 722 1460 Sed
731 1413 853 1474 quoniam
863 1428 908 1477 pa-

135 1498 193 1532 rum
206 1489 260 1532 tuta
271 1495 316 1544 per
329 1495 356 1530 se
369 1481 422 1543 ipsa
434 1480 545 1542 probitas
555 1487 601 1540 est,
619 1495 699 1543 neque
710 1483 772 1531 mihi
789 1483 816 1532 in
830 1498 908 1536 mauu

133 1555 191 1610 tuit,
203 1552 327 1613 iugurtha
342 1551 422 1614 quatis
435 1551 509 1609 foret,
525 1552 556 1600 ad
568 1566 610 1601 vos
622 1553 732 1614 coniugi,
748 1553 832 1605 Patres
845 1555 909 1606 Gon-

133 1624 234 1683 scripti3
246 1621 337 1694 quibus
348 1620 423 1684 (quod
429 1620 492 1668 mihi
502 1621 681 1670 miserrumum
692 1623 736 1683 est)
748 1637 824 1684 cogor
835 1627 908 1687 prius

133 1694 203 1742 oneri
220 1705 295 1755 quam
318 1692 376 1740 usui
386 1705 452 1741 esse.
464 1691 544 1741 Ceteri
569 1706 641 1754 reges
661 1698 704 1742 aut
715 1694 780 1743 hello
798 1695 858 1744 victi
879 1698 908 1746 in
929 1752 932 1757 ,

134 1763 269 1814 amicitiam
282 1777 296 1811 a
308 1763 379 1812 vobis
395 1764 490 1825 recepti
502 1769 560 1812 sunt
570 1771 613 1812 aut
627 1764 653 1812 in
670 1765 722 1814 suis
733 1765 817 1815 dubiis
829 1769 908 1819 rebus

133 1836 276 1886 societatem
296 1841 406 1883 vostram
424 1834 613 1897 appetiverunt3
634 1834 729 1883 familia
747 1842 831 1885 nostra
849 1852 908 1888 cum

132 1907 223 1970 populo
234 1907 340 1954 Romano
354 1904 625 1966 helloKarthagiuiensi
635 1903 772 1954 amicitiam
785 1905 910 1965 instituit,

133 1991 183 2040 quo
204 1982 317 2038 temporo
344 1975 423 2038 magis
437 1975 497 2023 fides
518 1974 571 2037 ejus
588 1990 662 2039 quam
684 1976 784 2025 fortuna
800 1980 908 2040 petenda

135 2056 197 2098 orat.
213 2049 324 2104 Quorum
342 2046 487 2109 progeniem
507 2060 558 2102 vos,
574 2047 656 2095 Patres
671 2045 819 2110 Conscripti,
830 2051 908 2102 nolite

134 2121 195 2182 pati,
209 2134 258 2175 me,
279 2124 390 2180 nepotem
406 2117 548 2174 Masinissae,
565 2118 683 2166 frustraa
703 2119 770 2167 robis
785 2121 908 2172 auxilium

134 2197 229 2253 petere.
243 2190 267 2239 Si
281 2189 311 2238 ad
321 2188 504 2250 impetrandum
516 2188 581 2236 nihii
594 2203 673 2238 causae
686 2191 803 2239 haberem
815 2201 908 2252 praeter

133 2261 298 2310 miserandam
311 2259 443 2316 fortunam,
455 2259 662 2323 quodpauloante
672 2276 716 2311 rex
724 2275 824 2325 genere,
833 2265 897 2318 tama

136 2337 211 2394 atquc
227 2331 305 2393 copiis
321 2336 419 2392 potens,
436 2344 503 2378 nuuc
518 2331 668 2380 deformatus
681 2335 807 2390 aerrrmnis,
823 2335 906 2399 inops,

135 2404 228 2452 alienas
238 2416 295 2463 opes
307 2407 431 2463 exspecto;
444 2405 528 2449 tamen
542 2408 595 2450 erat
607 2403 741 2465 majestatis
753 2407 856 2455 Romani
865 2423 912 2471 po-

136 2469 461 2535 puliprohibereinjuriam,
471 2485 551 2534 nequa
563 2472 615 2533 pati
623 2473 788 2535 quojusquam
800 2490 908 2538 regnum

136 2557 180 2604 per
193 2545 272 2592 scelus
289 2546 423 2590 cresceret.
435 2539 525 2589 Verum
543 2555 589 2600 ego
603 2540 634 2591 iis
647 2544 840 2606 tinibusejectus
850 2561 909 2597 sum

138 2627 200 2673 quos
211 2612 349 2673 majoribus
357 2613 420 2660 meis
432 2612 538 2673 populus
551 2614 755 2678 Romanusdcdit‚
763 2617 829 2665 unde
836 2625 909 2679 pater

135 2689 159 2729 et
174 2696 232 2730 avus
249 2696 372 2731 nreusuna
385 2682 512 2731 vobiscum
525 2685 641 2747 expulere
653 2682 785 2748 Syphacem
804 2695 829 2736 et
845 2687 908 2738 liar-

163 2820 187 2863 11.
202 2824 223 2864 1.
241 2823 272 2864 Ac
285 2833 408 2868 maxume:
425 2821 511 2876 rdpttcz
538 2837 566 2866 ea
584 2825 638 2867 daus
654 2838 677 2869 sa
696 2827 841 2881 signification
857 2843 909 2886 pro-

133 2881 163 2923 ici
184 2881 272 2925 vellem.
293 2905 319 2912 —
337 2884 356 2926 ἓ.
381 2882 511 2927 sociandum
539 2885 713 2938 midrowenant
725 2887 755 2930 dc
767 2893 908 2948 separiipour
