1906 3690
107 261 153 312 428
415 257 576 310 orationes

109 375 347 442 quentiam,gentile
357 374 445 424 domus
460 380 551 423 nostrae
564 373 667 430 bonum,
682 372 804 424 tenetote
816 381 889 427 tem.

108 461 199 512 porum
212 446 324 508 accipere
336 446 375 495 vel
388 458 476 508 parare
487 444 632 506 potuissem,
647 444 710 493 satis
722 444 849 496 habebam
863 447 888 499 si

109 526 240 568 tenuesres
246 529 309 565 meae
314 528 361 565 nec
366 514 429 564 mihi
436 514 584 576 pudori‚neo
590 513 708 575 cuiquam
714 515 786 564 oneri
791 515 886 569 forent.

108 587 232 638 iussusab
244 587 514 648 Imperatore,urorem
528 584 596 633 duxi.
613 583 648 632 En
663 583 740 645 stirps
752 592 778 633 et
792 599 889 650 proge-

108 657 164 707 nies
170 657 350 715 totconsulum,
359 661 396 703 tot
407 653 573 703 dictatorum!
583 667 629 702 nec
644 655 675 701 ad
689 653 812 705 invidiam
826 656 886 719 ista,

109 728 152 778 sed
164 726 326 777 conciliandae
338 724 518 775 misericordiae
530 724 622 773 refero.
641 728 822 787 Assequentur,
839 729 889 779 llo-

109 804 181 847 rente
198 804 234 852 te‚
247 794 334 851 Caesar,
350 807 412 856 quos
429 794 528 844 dederis
538 794 657 850 honores;
668 794 770 844 iuterim
780 797 808 853 Q.
823 799 889 848 flor.

109 868 183 987 {enffi
198 873 354 930 pronepotes,
367 865 418 914 divi
434 865 537 929 Augusti
552 867 675 923 alumnos,
693 865 723 914 ab
739 867 827 931 inopia
844 871 889 920 do·

119 951 151 988 en
168 951 189 986 e.

487 1110 507 1160 Χ

155 1236 210 1298 top.
228 1233 269 1285 58.
284 1235 371 1288 Oratio
384 1234 476 1355 Τίὀινὲί
495 1235 601 1316 Casaris
616 1236 721 1285 Hortalo
733 1252 840 1302 respon·

468 1313 542 1357 entes.

143 1467 169 1518 Si
182 1471 305 1530 quantum
317 1478 456 1527 pauperum
472 1471 519 1522 est,
533 1465 620 1514 venire
632 1465 682 1514 huc
695 1471 721 1514 et
729 1466 820 1516 liberis
833 1468 889 1520 suis

111 1546 195 1602 petere
207 1536 325 1598 pecunias
333 1534 463 1596 eoeperint,
474 1536 568 1598 singuli
582 1551 709 1599 uunquam
723 1539 890 1590 exsatiahun-

111 1619 163 1666 tur,
170 1608 313 1669 respublica
325 1607 431 1656 deliciet.
446 1607 493 1657 lieo
506 1622 567 1658 sane
584 1607 661 1656 ideoa
675 1609 813 1671 majoribus
827 1625 889 1661 con-

112 1694 209 1732 cessum
216 1687 254 1728 est
264 1678 492 1740 egredialiquando
507 1679 656 1729 relationem
674 1679 707 1742 (l)
723 1688 757 1738 et,
773 1682 843 1743 quod
860 1683 889 1733 in

112 1764 242 1802 commuue
255 1749 383 1805 conducat,
399 1749 454 1799 loeo
469 1751 598 1799 sententiae
611 1751 733 1812 prolerre,
747 1758 776 1800 ut
789 1753 890 1813 privato

112 1817 410 1883 negotia,resl'amilia1·es
423 1827 522 1867 nostras
535 1819 576 1868 hic
590 1833 732 1878 augeamus
744 1835 802 1869 cum
819 1822 889 1873 iovi-

112 1891 154 1941 dia
172 1897 274 1944 senatus
287 1898 311 1938 et
322 1888 475 1951 Principum,
491 1888 542 1938 sire
554 1889 706 1937 indulserint
712 1889 887 1952 largitionem,

112 1961 166 2014 sire
172 1960 315 2010 abnuerint.
321 1961 372 2010 Non
381 1959 450 2008 enim
460 1972 547 2020 preces
555 1967 614 2008 sunt
624 1959 697 2018 istuc,
705 1959 748 2011 sed
759 1960 888 2023 efflagita·

112 2034 157 2091 tio,
172 2032 345 2096 intempestiva
365 2031 466 2094 quidem
481 2036 507 2078 et
525 2029 670 2091 improviso,
692 2042 769 2090 quum
783 2032 843 2083 aliis
857 2034 889 2083 de

111 2102 186 2152 rebus
200 2100 362 2151 convenerint
377 2099 471 2155 Patres,
483 2111 635 2160 consurgere
654 2106 680 2146 et
692 2112 799 2148 numero
813 2108 890 2164 atque

111 2180 186 2224 aetate
192 2172 299 2220 liberum
306 2183 410 2220 suorum
420 2168 662 2229 urgeremodestiam
669 2171 889 2225 senatus,eandem

112 2243 163 2292 rim
178 2242 205 2291 in
218 2255 259 2291 me
271 2239 432 2303 transjieere,
451 2252 479 2287 ac
490 2238 558 2288 velut
574 2238 730 2300 pertringere
748 2239 888 2290 aerarium:

114 2311 208 2375 quodsi
217 2310 353 2360 ambitione
362 2309 393 2371 (l)
404 2307 601 2365 exhauserimus‚
611 2322 654 2370 per
663 2307 757 2356 scelera
768 2310 890 2371 supplen-

114 2386 174 2432 dum
187 2383 245 2432 erit.
256 2382 327 2430 [ledit
340 2381 396 2439 tibi,
406 2379 725 2439 lt01=aa1e,divusnugustus
736 2380 885 2440 pecuniam,

113 2454 158 2504 sed
163 2466 212 2502 non
220 2453 390 2513 compellatus,
399 2464 444 2499 nec
453 2464 482 2498 ea
492 2449 548 2512 lege
556 2456 584 2498 ut
597 2462 695 2510 semper
703 2449 816 2499 daretur.
825 2450 891 2501 Lan·

139 2611 164 2655 X.
186 2612 207 2654 l.
231 2609 317 2665 Boreas*
336 2608 483 2659 relationem,
510 2618 577 2659 usage
596 2605 711 2649 subsistoit
733 2619 814 2650 ancora
837 2621 891 2653 sous

114 2676 205 2719 ailleurs
226 2672 306 2728 epredi
330 2671 483 2719 senterrtiam,
510 2668 610 2712 libere:
631 2669 691 2711 Erat
703 2669 789 2724 quippe
809 2669 890 2715 adnue

115 2749 181 2792 usage
191 2737 270 2778 ancien
289 2734 326 2788 qul
339 2730 453 2774 autorisait
464 2729 485 2772 le
511 2729 619 2783 frequens
627 2729 782 2780 senatoribus,
794 2732 817 2774 ai
829 2732 890 2788 qaid

114 2799 314 2843 ce'lclneaeteram
328 2806 369 2849 eqo
386 2793 486 2836 Cartha·
512 2790 664 2845 erepublica
681 2790 812 2844 arederent,
837 2793 889 2837 loco

110 2862 190 2917 qinom
205 2857 326 2902 delendam
343 2868 390 2898 esse
407 2866 486 2898 censeo
512 2855 632 2897 sententiae
644 2866 756 2908 promere.
767 2855 824 2898 -2
835 2858 890 2899 Am·

105 2924 135 2966 de
143 2924 220 2967 Catum
233 2920 307 2964 Tacita
318 2919 377 2963 avait
391 2915 493 2963 constare
519 2915 618 2968 uitione,
626 2927 683 2969 pour
692 2914 892 2966 etrssautmpsnr

92 2990 153 3045 plus
172 2990 231 3034 lraut
253 2987 299 3046 (ch.
319 2986 355 3044 53)
384 2999 432 3046 que
460 2991 501 3030 cet
525 2981 601 3039 plane
