1904 3216
338 182 376 232 EX
391 183 459 233 nvn
474 183 560 234 aluno
576 183 627 234 vll.
834 188 864 235 'l5

91 309 139 357 per
148 294 279 344 faciemus„
290 295 401 345 Subactis
409 296 441 345 iis
451 296 568 359 gentibus
579 311 634 359 quae
643 298 709 347 inter
717 313 761 348 nos
772 314 864 361 vosque

89 372 159 421 sunt,
176 366 241 426 quod
254 365 398 428 propediem
409 366 524 416 futurum
535 368 639 428 spondet
650 375 674 416 et
687 369 766 418 virtus
776 377 799 418 et
814 371 858 419 son

92 443 154 484 tuna
176 443 267 493 nestra,
284 435 414 498 continens
428 436 563 497 imperium
582 439 706 500 usquead
724 453 768 488 nos
786 440 863 488 habe-

87 507 160 556 bitis.

118 610 139 654 Ξ.
153 611 226 655 lllaul
233 611 302 666 quela
312 611 427 668 campanie
435 618 552 668 augmento
558 612 578 656 la
586 614 700 669 puissance
709 615 748 657 des
757 613 864 658 Samnites

93 686 124 716 ou
133 672 192 716 celle
203 672 231 715 de
241 672 367 717 Romulea
376 672 576 717 Samnitesveuleul
584 675 630 718 s'eu
639 675 704 718 saisia-
713 687 752 730 par
761 676 782 719 la
791 676 862 719 force:

92 748 138 790 que
150 734 183 777 les
194 734 296 778 Romaim
306 734 428 791 l'oceupenl
436 735 463 778 de
471 734 531 791 plein
544 735 591 790 gad.

122 832 148 881 2.
158 831 280 880 Acerbum
289 843 318 878 ac
323 829 444 879 miserum
453 837 489 878 est
496 831 563 893 quod
570 832 643 881 lateri
650 846 694 881 nos
701 833 802 883 fortuna
808 847 864 884 nos·

90 910 131 952 tn
146 901 224 963 cogit.
239 902 383 950 lloventum
397 908 442 957 est,
451 901 533 950 Patres
547 902 690 965 conscripti,
704 910 731 951 ut
746 911 788 952 aut
799 918 863 953 ami-

90 987 183 1023 corum
204 977 246 1020 aut
262 970 422 1021 inimicorum
438 970 553 1030 Campani
565 972 642 1021 simus
660 988 665 1020 :
683 973 703 1022 si
721 974 861 1036 defenditis,

91 1043 187 1099 uestri;
203 1042 224 1091 si
243 1040 365 1103 deseritis,
380 1040 525 1090 Samnitium
545 1042 648 1091 erimus.
666 1043 773 1107 Capuam
792 1059 861 1108 ergo,

89 1126 112 1163 el
134 1113 294 1176 campaniam
315 1125 422 1168 omnem,
440 1112 538 1169 vestale,
557 1127 588 1160 an
608 1114 756 1163 Samnilium
771 1115 863 1165 uiribus

88 1184 212 1233 accedere
224 1180 327 1233 nulius.
340 1180 482 1230 deliberate.
497 1180 617 1230 Omnibus
628 1182 739 1242 quidem,
753 1185 861 1241 immani,

88 1251 404 1303 immisericordiam
413 1258 573 1310 vestrumque
584 1251 702 1300 auxilium
718 1266 817 1314 equum
826 1261 863 1303 est

88 1332 176 1387 palene
184 1323 232 1381 ;iis
240 1331 321 1372 utinen
329 1321 491 1383 maxime‚qui
502 1335 556 1369 eam
571 1320 860 1387 implorantibusaliislll

88 1395 214 1444 auxilium
223 1393 283 1441 dum
295 1405 371 1453 supra
384 1391 450 1441 vires
463 1406 520 1441 suas
534 1398 660 1455 pinnam,
678 1406 764 1442 omnes
778 1394 825 1455 ipsi
837 1397 861 1443 iu

88 1467 154 1516 hanc
181 1464 350 1514 necessilatem
373 1469 502 1511 venerunt.
531 1464 673 1523 Quanquam
698 1465 863 1525 pugnavimus

91 1537 168 1586 necho
180 1549 226 1598 pro
240 1532 363 1588 Sidicinis,
372 1546 454 1594 repro
463 1532 544 1588 nobis,
554 1546 629 1592 quum
637 1533 776 1583 videremus
786 1536 863 1583 linui-

88 1622 158 1657 mum
169 1607 290 1670 populum
304 1604 400 1653 nefario
410 1603 538 1652 latrocinio
552 1604 699 1653 Samnitium
709 1606 773 1667 pe1i;
787 1612 811 1655 el
820 1606 861 1654 ubi

88 1679 283 1740 conflagrantem
293 1674 402 1734 Sidicini,
428 1676 456 1724 ad
476 1689 520 1722 nos
532 1673 692 1736 trajeclurum
702 1675 764 1724 illud
778 1675 863 1725 incen-

87 1748 158 1797 dium
175 1760 239 1796 eme.
253 1745 374 1794 liecenim
389 1758 465 1799 nunc,
480 1744 536 1804 quiin
551 1744 634 1793 dolent
650 1745 768 1805 injuriam
779 1760 863 1808 accep

88 1825 138 1867 lam
145 1816 283 1873 Samnites,
290 1814 509 1876 sedquiagaudent
517 1815 623 1862 oblatam
632 1814 678 1862 sibi
689 1829 741 1863 esse
751 1828 861 1874 causam,

87 1893 263 1950 oppupnatum
280 1897 324 1933 nos
336 1883 452 1931 ueniunt.
469 1888 513 1939 An,
529 1882 549 1930 si
562 1883 622 1932 ultio
639 1884 684 1932 ime
699 1884 760 1941 liae,
776 1893 861 1934 elnon

88 1956 185 2007 οωιείο
201 1953 344 2015 cupiditatis
356 1952 483 2015 explendae
493 1958 565 2007 essct,
578 1968 665 2015 parum
681 1954 727 2002 luia
741 1955 806 2015 quod
821 1969 862 2003 se·

88 2029 135 2077 mu
145 2027 173 2075 in
187 2024 298 2073 Sidicino
312 2037 381 2085 agro,
391 2024 482 2072 iterium
495 2022 520 2070 in
538 2024 668 2086 Campania
683 2024 735 2086 ipsa
753 2024 863 2085 legiones

89 2104 188 2145 cosmas
195 2092 394 2148 cecidere‘lduae
402 2102 438 2141 est
453 2092 500 2140 isla
509 2100 558 2139 tam
572 2092 662 2142 inlesla
676 2094 722 2147 ina,
735 2108 808 2154 quain
819 2108 863 2156 per

88 2168 147 2217 duas
160 2165 229 2216 acies
243 2165 314 2212 lusus
326 2162 427 2223 sanguis
436 2161 532 2224 explere
542 2175 590 2211 non
602 2164 727 2224 potuerit?
737 2164 804 2212 Adde
814 2166 862 2213 liuc

88 2235 275 2299 populationem
295 2246 422 2294 agrorum.
438 2234 535 2293 praedas
554 2231 683 2281 hominum
699 2243 772 2294 atque
786 2248 862 2296 pecu·

88 2307 147 2355 dum
166 2314 246 2361 aclas,
263 2303 376 2352 incendia
396 2302 558 2351 villarumne
579 2303 673 2359 ruinas,
693 2304 776 2352 onmia
795 2307 862 2354 lerro

88 2376 196 2440 maique
206 2382 308 2424 vasula.
322 2374 392 2423 llisce
401 2373 438 2422 ira
446 2373 541 2435 expleri
557 2387 605 2422 non
621 2374 720 2436 potuit‘l
733 2375 779 2423 Sed
791 2376 862 2438 cupi-

90 2448 152 2497 dios
166 2447 288 2509 explenda
301 2452 351 2502 eal;
362 2458 389 2493 ea
403 2443 433 2492 ad
445 2445 636 2506 oppugnandam
651 2446 758 2506 Capuam
771 2448 839 2508 rapit
854 2463 860 2497 :

90 2528 132 2568 aut
157 2520 246 2568 delere
273 2516 361 2565 urbem
377 2515 580 2578 pulcherrimam,
604 2522 646 2564 aul
664 2517 711 2578 ipsi
733 2518 861 2580 possidere

91 2591 182 2639 volum⁸
205 2587 254 2637 Sed
271 2600 314 2636 vos
329 2587 418 2649 polius,
433 2586 544 2641 Romani,
559 2586 675 2634 beneficio
691 2596 774 2635 vesu-o
789 2601 861 2637 occu-

90 2664 145 2720 pue
153 2671 221 2711 eam.
233 2670 310 2719 quam
320 2655 375 2704 illos
385 2655 476 2703 habere
490 2668 534 2716 per
548 2655 698 2704 maleficium
711 2657 804 2706 sinatis.

114 2778 462 2833 2Aliia:l'omleurpenaeaux
489 2777 621 2831 (leonuml,
638 2777 688 2820 leur
708 2776 808 2832 capitulo.
830 2776 863 2819 En

93 2839 462 2895 inluuiempeupladanmu·
488 2838 609 2882 tmduisanl
632 2851 710 2884 amaea
732 2853 796 2898 pai:
817 2850 873 2884 sana

93 2900 382 2948 aniennadaaeuvircnada
389 2899 457 2943 Teano
483 2903 610 2960 exception,
621 2917 650 2950 on
660 2918 729 2950 verra
743 2904 884 2950 laeilemcm
