1904 3216
323 220 360 268 EX
376 219 444 268 LlVll
461 218 547 268 ttunu
563 218 623 268 xil.
814 218 858 267 rit

86 332 168 395 penite
180 339 207 382 et
221 333 307 383 Goiliae
321 333 433 396 populos,
446 333 571 382 vincentes
585 333 634 383 huc
645 333 798 396 pervenistis.
811 335 860 383 Pu-

86 402 199 461 tenebitis
209 418 267 452 cum
277 405 388 453 exercitu
395 404 486 461 tirone,
499 404 543 452 hec
551 403 601 467 ipsu
608 410 694 453 aestote
705 417 777 461 creso,
784 404 857 462 victo,

85 473 368 533 circumsessoodollis,
379 474 464 536 ignoto
471 475 550 524 adhuc
561 475 618 524 duci
626 489 671 524 suo
684 474 860 538 ignorantique

86 543 188 593 ducem.
199 546 234 591 An
244 558 293 603 me,
300 544 327 593 in
334 545 452 607 praetorio
459 545 545 606 putris,
554 544 685 593 clarissimi
695 545 859 607 imperatoris,

85 627 165 676 prope
179 619 277 670 notum,
290 620 357 663 certe
369 614 494 670 eductum,
505 614 654 665 domitorem
666 615 789 677 disponite
802 615 861 665 Gol-

86 682 189 744 iiaeque,
198 684 318 733 rictorem
329 685 435 733 eundem
443 698 491 733 non
499 685 643 747 Alpinorum
657 688 730 735 modo
737 686 859 747 gentium,

87 753 132 801 sed
143 753 258 815 ipserum
275 754 350 816 (quod
365 755 446 803 multo
462 754 543 816 majus
558 761 613 818 est),
624 757 731 818 Alpium,
746 770 803 809 cum
818 771 861 807 se·

88 821 177 871 mesti-i
189 822 239 871 hoc
250 823 376 872 conseram
392 823 463 878 duce,
479 823 607 873 desertore
620 824 742 873 exercitus
754 824 811 874 sui?
819 826 860 876 cui

86 890 109 940 si
121 891 191 954 quis.
201 891 306 954 demptis
316 893 404 954 signis,
415 894 501 942 Poenus
515 894 685 957 Romanosque
691 894 765 942 hodie
776 900 861 944 osten-

87 963 140 1022 det,
156 965 333 1026 ignoraturum
343 974 438 1015 contum
445 966 522 1014 habeo
532 965 613 1014 utrius
626 965 750 1014 exercitus
761 966 795 1015 sit
803 979 861 1015 con-

87 1035 136 1085 sul.
151 1034 206 1083 Non
218 1049 264 1096 ego
274 1036 337 1084 iilud
351 1036 420 1098 perui
433 1037 538 1091 aestimo,
547 1035 648 1087 milites,
662 1036 728 1098 quod
738 1049 813 1085 nemo
824 1044 861 1085 est

88 1107 210 1163 restrum,
227 1107 359 1168 cujusnon
375 1114 432 1155 ente
450 1107 532 1155 oculos
546 1105 599 1168 ipse
614 1120 679 1167 saepe
693 1106 801 1155 militare
812 1106 861 1155 ali-

88 1176 156 1237 quod
168 1176 291 1225 ediderim
304 1176 417 1234 facinus;
432 1177 472 1225 oui
487 1175 609 1225 nunidem
619 1190 665 1237 ego
677 1176 776 1225 uirtutis
789 1191 861 1238 spec-

88 1249 155 1294 tator
174 1259 205 1294 nc
217 1247 296 1303 testis,
313 1253 396 1294 notate
413 1245 567 1307 temporibus
583 1245 693 1306 iocisque
707 1247 802 1295 referre
817 1261 862 1296 sue

89 1315 184 1377 possim
202 1316 301 1365 decora.
318 1316 378 1364 Cum
397 1317 505 1366 laudatis
521 1329 536 1363 n
551 1329 590 1363 me
603 1315 695 1383 millies
708 1316 862 1380 donatisque,

89 1387 208 1435 alumnus
225 1387 297 1448 prius
313 1387 424 1435 omniurn
438 1387 548 1435 vestrum
558 1399 633 1448 quum
649 1386 793 1448 imperetur,
803 1401 862 1450 pro·

89 1456 174 1505 emam
185 1455 213 1504 in
224 1456 302 1505 aciem
312 1457 432 1506 aduersus
443 1457 539 1518 ignotos
548 1456 614 1504 inter
623 1469 649 1504 se
658 1456 861 1519 ignorantesque.

121 1526 283 1588 Quocumque
294 1528 435 1577 circumtuli
443 1528 536 1582 oculos,
550 1528 622 1588 piena
632 1527 713 1576 omnia
725 1527 796 1577 video
808 1529 862 1577 oni-

90 1610 193 1646 morum
207 1610 236 1646 ac
245 1597 343 1647 roboris
354 1614 360 1648 :
372 1605 518 1646 veteranum
527 1596 651 1658 peditem;
664 1598 863 1658 generosissima-

90 1680 149 1717 rum
157 1669 271 1729 gentium
280 1669 376 1731 equites
389 1670 499 1717 frenatos
511 1667 697 1729 iiiirenotosqne
708 1667 755 1729 (5);
768 1682 811 1718 uos
821 1684 863 1717 so-

90 1738 142 1787 cios
168 1737 327 1788 fidelissimos
347 1739 559 1801 fortissimosque;
576 1751 618 1785 vos
639 1738 861 1799 Contlmginicnses,

91 1821 170 1870 quum
181 1808 213 1857 oh
224 1809 399 1870 patriam.tum
411 1808 442 1858 oh
451 1808 513 1857 iram
520 1805 686 1869 justissimum
698 1816 861 1869 pugnaturos.

91 1877 228 1927 lnierinnus
241 1878 347 1935 beilum,
358 1877 505 1941 infestisque
517 1876 595 1937 signis
604 1876 774 1927 descendimus
783 1879 808 1926 in
817 1879 864 1928 lta-

91 1947 168 2003 liam;
187 1951 255 1995 tento
266 1948 384 1997 audacius
396 1947 532 2006 fortiusque
542 1946 674 2007 pugnaturi
687 1960 762 2008 quum
775 1949 862 2001 hostis,

91 2024 187 2078 quanto
196 2016 278 2079 major
284 2031 348 2078 spes,
361 2017 439 2079 major
448 2014 723 2066 cstanimusinierentis
734 2017 863 2080 viniquom

93 2156 219 2212 impulsion.
236 2182 262 2189 -
281 2158 301 2201 5.
320 2157 413 2212 Equites
429 2157 466 2199 in·
493 2157 570 2207 d-dire,
589 2158 683 2210 suenum
702 2157 826 2212 imponere)
842 2166 864 2200 et

93 2219 199 2272 [renatos
208 2232 217 2262 .·
226 2231 251 2262 ce
260 2226 310 2262 sont
322 2219 354 2262 ies
363 2219 466 2261 Numides
493 2220 553 2261 nvoin
562 2218 583 2260 ia
591 2218 736 2270 signification
751 2218 777 2260 de
785 2220 865 2272 frenu-

93 2281 466 2336 quineseserveientpasdeireins.
494 2284 538 2329 ius,
559 2280 675 2323 «coirent
695 2296 713 2329 υ,
734 2292 817 2323 comme
836 2294 865 2324 on

95 2341 193 2385 Frentutt'
204 2343 301 2398 equites,
312 2356 340 2385 ou
350 2345 465 2393 contenire,
494 2340 595 2382 disniten
609 2341 672 2382 rieux
688 2340 789 2392 inunctis.
806 2340 864 2383 Ainsi

96 2404 116 2447 it
136 2404 243 2448 uvalerie
265 2406 432 2459 cortheginoise.
451 2405 466 2447 il
494 2400 560 2443 Silius
569 2400 663 2451 italicus,
678 2402 732 2444 ‹inns
740 2413 778 2443 uon
789 2404 864 2457 poento.

95 2472 129 2509 est
144 2466 157 2508 d
176 2478 256 2522 propos
271 2467 297 2509 de
314 2467 368 2509 inire
384 2479 467 2508 remen
494 2475 532 2505 sur
541 2468 597 2505 cette
610 2463 703 2505 seconde
713 2475 792 2515 guerre
800 2463 865 2506 Puni·

94 2540 151 2583 quer
159 2529 188 2571 ici
197 2540 241 2582 quc
251 2527 399 2582 infrenatus,
408 2539 467 2569 com·
495 2524 865 2579 quenommcinsreuoticouxme

94 2598 130 2628 me
143 2584 257 2640 heeucoup
271 2586 367 2628 d’eutrcs
380 2587 468 2640 portici-
494 2599 541 2629 mes
550 2585 659 2641 qnoT.-L.
679 2586 763 2640 appelle
780 2588 807 2629 ici
817 2588 864 2641 sre-

94 2660 134 2703 pes
147 2654 299 2700 commoneant
314 2660 355 2703 pur
373 2648 406 2698 in,
417 2654 469 2702 peut
495 2647 614 2697 nuti,dens
624 2647 863 2703 ceversduquauiemc

95 2710 158 2752 venir
166 2709 226 2751 tussi
236 2708 469 2762 deinfrenoreic'est-
496 2707 532 2750 liv.
544 2709 572 2761 (r.
582 2707 629 2760 tit)
641 2720 647 2749 :

581 2793 667 2839 Undique
675 2794 722 2833 nudi

277 2838 374 2877 eueniunt
383 2839 449 2885 (muts,
458 2841 585 2886 tuleruntque
594 2840 679 2887 ninnipii.

95 2919 154 2963 nudi
164 2916 295 2975 semiustos
303 2918 419 2973 iiumides;
431 2918 466 2963 in·
492 2918 813 2978 frenati,1esiiurtiinq'ino'is.
