1904 3216
106 184 154 230 42¹4
413 182 575 233 unitiones

116 268 120 289 l

109 296 202 356 legatos
210 310 217 352 ;
225 294 445 356 inseetesunguine
457 302 547 360 eastra,
562 296 680 354 dumina;
690 308 781 358 meque
793 307 882 356 preca·

109 364 290 414 riemanimam
297 365 608 417 iuterinlensostrahere‘l

140 433 189 484 Cur
201 434 269 484 enim
277 436 357 497 primo
369 436 494 486 concionis
507 438 546 488 die
559 437 733 495 serrumillud
741 435 808 500 quod
820 448 884 498 peo-

109 505 159 556 tori
170 519 226 555 meo
235 506 342 568 infigere
352 509 480 570 parabam,
489 507 637 564 detraxistis
647 505 777 568 improvidi
788 503 883 555 amici?

110 576 362 626 meliusetamuntius
374 577 426 634 ille.
442 578 484 640 qui
499 577 609 638 gladium
623 578 758 626 offerebat:
774 575 883 626 cecidis-

111 660 162 715 sem
169 647 353 696 certenondum
361 654 398 696 tot
404 648 558 710 flagitiorum
564 648 683 698 exercitui
691 645 882 705 meoeouseius;

111 717 234 780 legissetis
251 717 348 774 ducem.
368 719 413 781 qui
427 732 509 768 meam
522 719 626 781 quidem
642 725 749 768 mortem
767 717 883 779 impuni-

111 794 164 837 tam
171 788 274 847 sineret,
286 788 341 838 llari
352 796 435 839 tamen
448 795 474 839 et
486 789 562 839 trium
571 789 697 851 legionum
708 788 882 838 ulcisceretur.

113 859 271 922 ltequeenim
277 858 313 907 dii
325 859 407 908 sinant
419 867 448 908 ut
461 859 602 921 Belgarum,
618 873 759 922 quenquam
771 858 885 907 offeren-

34 979 36 985 ,
113 929 187 988 tium,
197 929 273 978 decus
278 928 348 978 istud
354 936 380 978 et
385 929 509 979 claritudo
519 933 561 986 sit,
569 929 713 979 subvenisse
720 930 828 980 Romano
841 941 887 976 no-

113 999 186 1057 mini,
204 999 377 1061 compressisse
392 1000 529 1050 Germaniae
544 1002 657 1063 populos.
681 1001 738 1058 lim,
760 999 814 1050 dive
833 1000 894 1048 du-'

114 1076 195 1132 [iuste
204 1070 265 1119 eoelo
271 1077 371 1131 recepta
378 1085 458 1131 ruens,
465 1078 517 1130 tua,
529 1079 598 1132 poter
607 1071 693 1130 Druse,
702 1069 835 1133 mugelli,
845 1070 885 1118 tui

114 1141 242 1195 memorie,
253 1139 343 1190 iisdem
352 1140 470 1189 istiseum
483 1140 615 1196 militibus,
629 1155 689 1206 quos
700 1140 753 1203 jam
767 1139 848 1202 pudor
859 1146 888 1188 et

114 1210 193 1270 gloria
200 1210 287 1267 intret,
295 1210 449 1259 eluauthane
461 1215 592 1270 mutulam,
599 1212 700 1274 irasque
709 1210 792 1260 ciuiles
799 1209 826 1257 in
833 1208 887 1258 exi-

115 1281 180 1330 tium
192 1280 305 1330 hostibus
318 1286 425 1330 vertant.
440 1280 485 1330 Vos
506 1294 614 1344 quoque,
635 1293 743 1344 quorum
755 1280 805 1329 alia
818 1291 888 1327 nunc

115 1362 167 1406 om,
175 1349 328 1412 aliepeetora
341 1358 468 1407 contueor,
483 1350 504 1398 si
517 1350 610 1412 legatos
623 1349 720 1399 senatui
724 1347 889 1412 ‚obsequium

115 1420 269 1482 Imperatori,
277 1420 299 1468 si
306 1420 367 1468 mihi
380 1421 511 1483 conjugem
518 1419 542 1468 et
556 1417 886 1474 liliumredditis,disoedite

116 1505 131 1539 a
148 1496 260 1538 ooumetn
282 1503 310 1538 ao
326 1490 428 1540 dividite
442 1490 569 1539 turbidos:
584 1490 612 1539 id
627 1490 714 1539 stabile
723 1489 753 1538 ed
765 1488 890 1552 poeniten-

115 1557 219 1618 tiam,·id
226 1558 285 1608 fidei
292 1558 419 1609 uinculum
428 1560 488 1610 erit.

488 1788 515 1838 tl

149 1960 207 2022 Cap.
221 1959 260 2008 58.
274 1959 360 2010 Oratio
372 1959 476 2023 Sopestis
486 1958 521 2006 od
535 1958 713 2008 Germanicum.
728 1957 794 2022 (L'an
805 1958 855 2021 15.)

141 2134 237 2180 Segestes,
258 2131 309 2169 inter
326 2131 430 2168 Germanos
449 2133 516 2169 clarus
538 2139 611 2177 genere
635 2130 739 2176 lactisque.
759 2130 825 2167 luerat
841 2129 890 2168 olim

120 2178 193 2215 amiens
203 2177 294 2214 llomanis
304 2190 309 2214 ε
320 2175 355 2214 sed
360 2186 458 2224 eonsensu
467 2175 531 2224 gentis
539 2185 559 2212 ru
564 2174 726 2224 bellumtrjectus.v
735 2173 811 2224 discors
822 2176 889 2212 temen

119 2222 217 2266 manebat,
226 2220 289 2258 auctis
295 2220 385 2269 privatim
394 2219 451 2262 odiis,
466 2225 518 2266 quod
530 2219 628 2256 Arminius
641 2220 700 2256 liliam
710 2229 752 2263 etus
765 2219 799 2255 olii
808 2222 890 2265 pactam

120 2271 219 2314 rapueret.
228 2266 267 2302 lloo
283 2275 339 2308 armo.
349 2274 409 2311 quum
418 2264 472 2313 pacis
487 2269 556 2302 auctor
562 2267 620 2304 esset,
638 2263 786 2313 apopuluribus
801 2266 890 2300 eircum-

120 2320 193 2353 sessus,
210 2311 285 2355 legatos
301 2311 326 2347 ad
344 2309 477 2346 Germanieum
497 2308 592 2345 auxilium
618 2313 697 2346 orantes
716 2309 777 2351 misit,
803 2315 891 2354 eumque

121 2355 145 2392 iis
158 2355 219 2393 lilium
237 2357 294 2390 antea
311 2353 411 2392 rebellem.
422 2353 489 2390 Filiam
506 2362 585 2400 quoque
601 2361 667 2388 secum
686 2351 771 2390 babebat
784 2354 827 2388 mm
842 2361 892 2398 gra-

120 2399 190 2450 vidam.
207 2399 290 2447 Ereptus
305 2408 330 2436 ex
351 2396 459 2445 obsidione,
477 2398 612 2434 ueruramcom
635 2396 655 2433 iu
673 2397 725 2433 bunc
743 2397 823 2433 modum
842 2396 892 2432 atlo-

121 2448 202 2490 quitur:

122 2598 225 2650 Auguste,
238 2595 296 2637 eruit
313 2593 441 2636 commende
458 2605 493 2636 ees
520 2592 551 2634 iit
562 2592 674 2647 perituris
686 2589 892 2648 imopodellirgile,

123 2657 206 2712 legions
231 2669 260 2698 en
282 2655 404 2698 Germunie
424 2679 451 2687 -
470 2654 492 2699 d.
520 2658 584 2711 poete
600 2668 643 2709 que
658 2654 732 2696 Tacite
753 2652 849 2709 reppello
873 2650 893 2699 si

123 2719 209 2774 lmapo.
230 2717 255 2759 Je
276 2729 342 2772 pense
367 2716 379 2757 ir
404 2716 493 2771 present
520 2714 894 2769 souvenmonreneontredespes·

123 2791 175 2822 evoe
192 2779 217 2821 lt.
231 2777 314 2819 Naudet
333 2777 446 2832 qu'imuyo
461 2786 494 2818 est
520 2789 583 2829 seges
594 2775 648 2818 dans
658 2775 790 2828 lesquelson
799 2787 827 2817 ne
840 2782 894 2830 peut

54 2866 57 2871 -
124 2839 165 2882 «le
175 2840 347 2894 representation
358 2853 400 2894 que
418 2855 441 2880 se
455 2840 494 2881 l'uit
522 2839 669 2880 rne'eonnaitre
678 2837 895 2892 l'intentionque'l'u·

118 2903 204 2957 l'esprit
214 2916 234 2952 ι,
244 2913 332 2944 comme
339 2901 394 2944 dous
402 2901 423 2943 le
431 2916 436 2943 :
445 2901 495 2943 sub·
521 2903 564 2941 cite
577 2900 634 2939 avait
644 2899 670 2939 de
680 2899 775 2940 l'rnriter.
