1904 3216
117 205 165 258 sla
313 264 317 269 ⁴
424 208 587 258 onatlottts

118 330 163 374 aut
172 322 213 372 cui
223 328 276 372 rata
285 331 386 386 rstapax
394 322 450 381 erit,
465 337 541 386 quam
555 323 608 372 sine
621 323 729 378 consule,
738 335 790 370 non
802 333 831 368 ex
842 334 889 369 an-

119 394 234 443 ctoritate
246 399 355 450 senatus,
362 408 412 442 non
418 392 491 458 jussu
502 394 587 457 populi
597 393 699 442 Romani
706 390 891 455 pepigerimns?

120 466 208 523 Quaero
217 465 292 522 enim,
305 477 367 526 pace
378 479 422 527 per
434 471 458 513 te
473 465 546 521 lacta,
558 465 719 514 rediturusne
732 463 854 523 extemplo
863 463 890 510 in

119 536 216 584 ltaliam
232 533 275 592 sis,
291 535 394 583 classem
415 534 603 598 exercitumque
617 531 784 582 deducturus?
800 535 834 579 ln
850 545 891 578 ex-

119 611 285 668 spectaturus,
301 604 406 666 quidde
420 618 448 652 ea
459 618 487 653 re
496 604 592 653 consuli
604 604 709 666 placeat,
723 600 783 664 quid
792 606 891 650 senatus

119 683 224 734 censeat,
238 681 281 722 aut
298 674 404 737 populus
417 673 523 740 jubeat?
533 676 617 725 Restat
631 686 692 736 ergo
709 678 739 723 ut
754 685 855 722 maneas
864 671 891 721 in

120 747 183 806 isia,
196 754 220 794 et
234 760 324 795 rursus
338 746 364 794 in
378 746 483 795 hiberna
492 746 570 808 copiae
586 746 705 801 reductae,
714 744 805 793 omisso
815 743 889 795 hello.

87 816 89 821 ’
120 817 269 869 exhauriant
286 817 462 866 commeatibus
480 818 621 880 praehendis
640 817 736 866 socios:
749 815 839 865 deinde
861 814 892 878 (si

120 888 154 938 ita
163 887 245 941 risum
253 887 287 936 sit
293 886 335 947 iis,
344 901 421 950 penes
430 901 493 951 quos
505 895 616 951 potestas
627 886 709 948 luerit)
722 886 892 935 instauremus

119 972 210 1007 novum
225 958 255 1006 de
262 957 360 1020 integro
369 959 463 1008 bellum
475 957 507 1022 (ll
522 973 529 1007 ε
542 960 608 1020 quod
623 971 763 1020 possumus,
774 959 794 1004 si
807 971 835 1005 cx
845 957 893 1015 hoc¹

120 1028 215 1091 impetu
224 1043 310 1095 rerum
319 1029 381 1078 nihil
391 1029 535 1093 prolatando
546 1029 694 1086 remittitur,
706 1035 763 1077 ante
773 1028 894 1087 hiemem,¹

41 1158 44 1163 Ι
120 1099 169 1149 diis
181 1101 330 1158 volentibus,
340 1102 482 1164 perfecisse.

469 1223 552 1273 CLXXI

121 1334 177 1397 Cap.
189 1328 229 1383 36.
250 1336 326 1384 Verba
335 1335 459 1412 Scipionis
469 1336 587 1397 Africani
596 1335 631 1383 ad
643 1335 752 1399 leyolum
764 1333 890 1383 Antiochi.

141 1437 256 1476 Antiochum
265 1439 286 1489 in
293 1439 357 1490 Asiam
367 1439 467 1491 cedentem
478 1440 539 1491 secuti
550 1441 604 1478 erant
613 1439 698 1491 Romani.
708 1441 737 1476 ad
747 1450 781 1477 eos
791 1450 825 1477 rer
834 1440 890 1485 lega·

120 1485 160 1531 tum
171 1483 195 1519 de
204 1493 251 1530 pace
261 1487 326 1534 nnttn.
336 1485 355 1521 ls
364 1485 474 1535 Africanum
484 1486 530 1536 nort.
542 1485 599 1531 cujus
609 1486 662 1535 lilius
680 1485 745 1536 paullo
761 1489 806 1534 ante
819 1488 889 1533 captus

120 1535 140 1563 tn
149 1531 246 1574 potestate
255 1537 307 1578 repis
317 1533 366 1579 erat.
376 1530 465 1579 Omnium
474 1539 566 1581 primurm
575 1530 636 1568 lilium
645 1540 663 1565 el
673 1538 715 1580 sine
725 1533 788 1577 pretio
799 1530 890 1576 redditu·

119 1572 890 1666 ttlrtssttalthatt¹⁰ltttttttllttlittttltttlahsstttlt

120 1657 253 1706 impetrasset.
264 1660 292 1698 ad
302 1671 325 1698 ea
334 1644 408 1710 Scipio:
593 1629 606 1666 g
626 1645 632 1662 ’

146 1740 263 1782 Antiochus
272 1741 318 1783 doit
326 1742 463 1784 reconnaltra
472 1754 495 1784 sa
509 1743 616 1797 position;
629 1742 644 1784 il
655 1742 687 1784 lui
698 1741 766 1784 lullait
775 1740 892 1795 empecher

38 1830 42 1837 ·
120 1799 245 1855 l'approche
255 1797 294 1844 des
305 1802 421 1852 Romains;
430 1803 565 1846 mainteuant
581 1803 646 1859 qu'ils
661 1810 710 1846 sont
721 1803 815 1853 eurisis,
830 1802 846 1844 il
857 1802 891 1844 n'a

119 1862 170 1919 plus
187 1864 236 1919 qu'l
246 1864 309 1908 subit·
325 1864 375 1908 leur
390 1865 428 1909 loi.
443 1888 470 1898 -
480 1865 538 1908 Pour
552 1879 583 1909 un
595 1867 680 1909 service
701 1865 826 1922 personum,
846 1864 892 1906 Sci-

120 1925 173 1980 pion
189 1936 217 1967 ne
234 1933 286 1982 peut
302 1925 335 1970 lui
345 1927 425 1970 rendre
435 1927 504 1981 qu'un
521 1927 604 1970 eonseil
620 1927 686 1970 d'ami
694 1939 701 1972 ι
710 1927 764 1983 qu'il
774 1932 862 1983 accepte
871 1925 893 1970 la

120 1987 169 2042 pair
179 1987 191 2028 a
202 1993 248 2030 tout
258 1988 312 2044 pria.

152 2074 221 2130 Quoo
236 2077 357 2126 llomanos
369 2091 464 2136 omnes,
478 2077 546 2140 quod
562 2090 610 2135 me,
627 2078 659 2126 ad
669 2091 743 2140 quem
754 2077 843 2126 missus
856 2091 893 2134 es,

120 2144 229 2208 ignoras,
238 2147 319 2196 minus
331 2146 419 2204 miror,
433 2160 512 2209 quum
518 2152 543 2196 te
554 2147 682 2196 fortunam
694 2146 778 2209 ejus,a
790 2160 838 2209 quo
847 2160 894 2195 ve-

119 2274 147 2284 -
156 2253 176 2293 l.
192 2251 352 2295 instauremus
365 2263 451 2296 nouum
465 2251 494 2296 de
520 2263 611 2307 passage
621 2252 765 2295 entieremant
774 2252 894 2295 semblable

121 2312 213 2367 ialepro
227 2312 329 2356 celtum.-
345 2314 423 2368 phrase
433 2319 494 2358 touta
521 2315 574 2358 dans
594 2316 614 2358 le
632 2315 687 2358 hiso.
705 2314 811 2358 llllllVlll.
837 2316 895 2359 Pour

107 2387 150 2417 en
165 2375 312 2427 redondanco,
330 2388 386 2431 pour
404 2376 494 2430 peludra
520 2377 894 2433 representerl'inconveniontqu'il

121 2435 286 2491 plusvivement
292 2438 324 2480 les
331 2437 494 2482 inconvenienti
521 2441 600 2495 yavait
614 2440 627 2482 a
641 2441 787 2493 interrompre
801 2439 895 2494 pendant

121 2498 227 2551 auiquels
237 2498 258 2541 la
274 2499 364 2555 proteus·
381 2500 494 2554 s'exposait
521 2501 600 2544 l'hirer
609 2501 630 2545 le
640 2502 699 2555 siege
712 2501 738 2543 de
749 2500 818 2551 Veios,
830 2500 895 2542 l'ora·

121 2570 150 2600 en
160 2560 248 2602 traitant
263 2561 289 2603 de
299 2561 319 2603 la
332 2563 380 2617 pair
392 2575 444 2604 avec
454 2563 495 2603 ln·
521 2569 571 2606 tour
592 2564 625 2606 dit
642 2566 670 2618 lp.
688 2564 739 2614 lit:
755 2561 895 2617 Relinquen-

121 2620 215 2662 tiochus.
238 2621 309 2664 h'idto
326 2635 354 2666 en
370 2623 494 2666 elle-meme
521 2625 582 2668 done
606 2626 653 2669 hec
675 2624 783 2671 censetis,
807 2628 834 2665 ut
863 2623 894 2665 orl

121 2682 159 2724 cot
176 2681 209 2724 ete
224 2683 391 2737 complctcment
410 2683 493 2727 randue
521 2688 623 2728 aeslalem
636 2699 711 2730 nunsus
721 2697 785 2728 novus
798 2698 822 2726 oa
835 2698 894 2728 tarn·

122 2755 150 2785 en
163 2743 233 2784 disant
247 2745 385 2798 simplement
403 2744 494 2787 instau-
522 2760 560 2791 ono
569 2747 894 2792 hisinstituendisexsurletur

121 2816 198 2847 remus
206 2805 292 2847 hcllum
300 2821 308 2855 ,·
318 2805 495 2849 novumbellum
524 2808 597 2851 labor.

121 2867 495 2923 {aciamusoudeinteprofccio-
549 2869 630 2912 ccxli.
654 2870 720 2925 lloyoz
744 2869 835 2923 ron-no.
853 2871 893 2912 liv.

118 2940 169 2970 mur
180 2929 274 2971 bellum,
283 2929 343 2973 Nous
351 2941 418 2972 avons
426 2941 455 2972 ru
464 2940 496 2972 un
522 2929 576 2980 XXI.
585 2931 619 2973 ch.
630 2931 700 2974 tote.
