1904 3216
111 212 157 262 ‘tlt
414 211 573 263 outltota'tls

136 325 247 369 llaeinissa
263 327 346 370 semble
362 328 425 370 avoir
441 326 518 370 trouve
534 327 572 370 des
582 325 676 382 qualites
692 339 720 368 en
730 326 818 381 Scipion
828 339 884 382 pour

110 387 177 431 s'etre
186 387 271 430 attiche
280 389 293 430 a
303 388 335 431 lni
345 401 351 430 :
362 388 378 430 il
388 400 416 431 en
429 395 463 432 est
479 399 522 430 une
542 387 595 430 dont
612 387 700 442 Scipion
708 393 742 429 est
750 388 790 430 liei·
799 393 822 430 et
830 388 884 442 qu'il

110 449 264 493 reoemmnnde
273 449 285 490 a
295 448 413 500 Masinissa,
424 448 447 492 la
455 448 584 492 eontinence
595 461 601 492 ι
610 448 650 492 nul
666 450 754 492 ennemi
770 450 826 491 n'est
834 449 884 503 plus

111 510 236 566 dnnpereux
251 522 294 566 que
311 510 343 553 les
359 511 465 567 passione.
482 509 512 553 Le
528 509 563 553 roi
579 509 631 554 s'est
645 509 697 553 bien
712 509 811 563 conciuit,
828 511 884 553 mais

111 572 195 630 Syphax
203 573 292 625 vaineu,
302 578 350 616 tout
359 585 384 616 ee
395 572 433 628 qui
449 571 502 615 erait
518 571 531 614 i
540 570 573 614 lui
589 571 711 626 appartient
720 584 762 614 aux
771 572 882 615 Romains.

7 688 9 697 Ι
37 650 40 655 ·
100 633 222 678 Ἰιείιιίεεα
230 631 309 674 veut-il
318 632 345 675 de
356 633 428 675 meme
438 637 485 674 tout
494 631 613 674 sacrissere
623 643 667 674 une
677 633 778 687 passion?

141 785 230 846 Aliqua
244 792 269 832 te
280 783 403 840 existimo,
417 783 551 842 llasinisse,
569 783 708 832 intuentem
721 783 748 831 iu
759 797 799 832 me
810 784 883 843 bona,

111 861 137 903 et
148 853 271 915 principio
281 852 309 901 in
318 853 435 915 Hispania
444 849 631 915 adjungendam
641 866 739 901 mecum
748 852 884 902 amicitiam

110 922 216 978 venisse,
223 930 336 985 etpostea
347 922 375 972 in
385 922 466 972 Al'riea
472 932 497 972 te
503 922 585 985 ipsum
593 935 697 985 spesque
703 936 790 972 omnes
799 923 884 973 tuasin

110 993 187 1043 fldem
194 1006 277 1042 meam
283 992 445 1043 commisisse.
453 994 527 1056 Atqui
539 994 606 1042 nulla
613 1007 700 1044 earum
708 993 882 1056 virtutumest,

109 1069 213 1128 propter
222 1077 286 1126 quas
299 1064 346 1114 tibi
357 1064 507 1126 appetendus
517 1063 585 1114 visus
591 1064 649 1121 sim,
660 1077 709 1125 qua
717 1077 762 1125 ego
771 1070 885 1126 equent-

110 1133 882 1198 quetemperautiaotcontinentialibidinumgloriatusluerim.

110 1203 178 1253 ilaue
194 1211 219 1252 te
231 1218 328 1267 quoque
347 1205 378 1253 ad
391 1211 485 1255 ceteras
495 1211 550 1253 tuas
566 1204 669 1254 eximias
680 1204 793 1259 virtutes,
811 1203 884 1253 ilasi·

110 1273 186 1333 nisse,
198 1275 317 1337 adjecisse
327 1275 410 1325 velim.
426 1274 480 1323 lion
494 1282 538 1330 est,
547 1288 596 1323 non
612 1274 682 1333 (milii
693 1275 774 1336 crede)
784 1280 884 1324 tantum

110 1344 143 1407 ab
152 1344 377 1393 hostibusarmatis
386 1343 453 1393 aetati
464 1351 557 1392 nostrae
565 1344 716 1406 periculum,
725 1352 844 1406 quantum
851 1344 883 1394 ab

17 1440 21 1453 ·
110 1414 271 1464 circumfusis
283 1414 394 1475 undique
407 1413 584 1476 voluptatibus.
606 1414 653 1472 Qui
667 1428 709 1464 eas
721 1415 884 1477 temperantia

110 1498 156 1534 sna
167 1484 275 1533 frenavit
289 1499 317 1533 ae
325 1483 432 1542 domuit,
444 1487 523 1534 multo
533 1482 613 1545 majus
627 1484 702 1534 decus
715 1483 884 1547 majoremque

110 1553 241 1603 victoriam
253 1553 302 1603 sihi
312 1552 422 1616 peperit,
430 1567 506 1616 qnam
514 1567 559 1602 nos
569 1553 676 1616 Syphace
681 1554 746 1603 victo
753 1553 882 1604 habemus.

110 1624 170 1680 Quae
184 1637 225 1672 me
240 1624 341 1673 absente
355 1628 458 1673 strenue
471 1636 500 1672 ac
521 1623 621 1671 fortiter
635 1622 724 1683 iecisti,
738 1623 846 1673 libenter
856 1633 884 1674 et

110 1692 301 1743 commemoravi
314 1700 340 1742 et
353 1693 473 1741 memini:
485 1700 567 1743 cetera
584 1700 609 1742 le
622 1693 704 1757 ipsum
717 1701 834 1755 reputare
844 1701 884 1744 te·

110 1775 176 1818 cum,
189 1773 273 1823 quem.
298 1774 339 1810 me
352 1761 459 1818 dicente,
478 1763 626 1811 erubescere
635 1762 709 1810 malo.
734 1763 829 1824 syphax
839 1779 884 1826 po-

109 1831 163 1894 puli
174 1831 278 1881 Romani
289 1831 407 1892 auspiciis
417 1834 496 1882 victus
509 1841 644 1894 captusque
658 1840 703 1882 est.
721 1833 807 1895 ltaque
820 1835 882 1896 ipse,

110 1901 208 1965 conjux,
222 1915 339 1964 regnum,
353 1915 413 1963 eger
424 1908 449 1951 et
461 1903 559 1965 oppida,
577 1903 690 1954 homiues
703 1904 747 1965 qui
761 1905 883 1962 iuoolunt,

48 1990 51 1995 ·
109 1973 231 2036 quidquid
239 1972 531 2034 deniqueSpphacisfuit,
541 1972 882 2035 praedepopuliilomaniest:

109 2052 134 2094 et
142 2056 229 2106 regem
242 2041 420 2106 conjugemque
433 2043 498 2105 ejus,
508 2041 606 2092 etiamsi
616 2057 668 2092 non
677 2043 739 2092 civis
752 2043 884 2106 munegi-

109 2114 204 2164 nieusis
214 2119 287 2172 esset,
302 2113 462 2163 etiamsinon
475 2121 571 2178 patrem
584 2115 640 2175 ejus
652 2115 884 2184 imperatoremim-

109 2186 186 2234 stium
205 2184 352 2241 videremus,
376 2183 479 2234 Romam
502 2191 629 2248 oporteret
648 2186 766 2242 mittier
784 2195 884 2238 senatus

109 2255 244 2318 populique
257 2255 360 2304 Romani
370 2255 401 2304 de
416 2269 445 2304 ea
455 2255 581 2319 judicium
592 2263 666 2318 atque
676 2255 809 2306 arbitrium
821 2271 882 2314 esse,

109 2340 165 2388 quae
175 2339 262 2387 regem
276 2325 370 2374 socium
385 2325 458 2374 nobis
469 2326 590 2376 alienasse
604 2333 680 2388 atque
690 2327 716 2375 in
728 2341 797 2375 arma
803 2327 885 2388 egisse

109 2394 262 2457 praecipitem
275 2395 383 2444 dicatur.
398 2395 470 2445 linoe
476 2396 602 2445 animum:
613 2398 884 2446 eavedel'ormesmulta

108 2465 173 2513 bona
184 2479 234 2513 uno
244 2465 312 2522 vitio,
328 2472 353 2514 et
366 2472 403 2515 tot
413 2467 563 2515 meritorum
577 2468 682 2529 gratiam
696 2466 789 2529 majore
799 2468 882 2531 eulpa,

64 2596 66 2601 ⁴
109 2549 184 2597 quam
197 2549 273 2584 causa
285 2537 363 2597 culpae
372 2543 418 2593 est,
432 2551 586 2600 corrumpas.
