1904 3216
103 210 149 260 ma
351 268 354 273 ,
407 209 569 260 ottramnus

102 325 186 368 rebelle
200 324 227 368 de
236 331 271 368 oet
283 324 401 376 Hamilcar,
414 325 452 380 qui
464 325 526 379 signu
542 324 563 368 la
579 326 711 370 soumission
720 326 747 370 de
759 327 873 383 Carthago,

104 389 272 432 tiendradevant
279 400 314 431 ses
324 389 420 431 maltres.
430 387 620 437 Quelesliomains
630 390 766 434 chitientcea
776 391 874 435 esclaves

102 450 206 495 reicitis.
213 474 240 482 -
248 451 314 493 Rome
326 463 338 492 a
350 449 469 504 pardoune,
480 449 538 493 voili
548 450 568 493 la
578 450 720 507 recompense
730 466 772 496 :un
784 454 873 497 lurieux

102 515 171 569 jcunc
189 513 278 557 homme
290 517 351 567 porte
366 511 387 553 la
407 523 487 566 guerre
506 523 534 554 en
550 512 623 565 ltalio;
639 526 664 556 ce
679 514 735 557 n'est
746 515 796 571 plus
807 514 835 558 de
851 516 872 559 la

101 575 167 619 Sicile
181 587 211 618 ou
224 574 252 618 dc
264 574 285 616 la
294 572 412 627 Sardaigne
426 572 480 627 qu'il
491 573 562 628 s'agit,
576 574 630 617 c'est
644 575 665 617 la
679 576 747 630 patrie
761 576 816 631 qu'il
826 577 874 619 lsut

105 637 218 682 diicndre.
241 637 287 686 Qus
312 635 414 687 tarmes,
434 635 483 678 seul
505 642 603 692 rempart
621 636 649 680 de
670 637 746 689 Rome,
764 639 874 683 combutta

102 713 186 745 comme
204 700 247 744 olle
261 699 283 743 la
293 698 359 742 tersit
369 710 421 742 sous
432 697 465 741 les
481 710 543 742 murs
559 699 586 743 da
600 700 620 742 la
629 700 689 752 ville,
705 713 757 744 sous
768 701 801 745 les
816 716 873 758 yeux

102 765 129 807 de
141 768 237 820 parents,
249 761 277 805 de
284 762 430 816 concitoyeus,
440 759 493 803 dont
502 758 577 803 lesort
586 760 669 816 depend
683 762 760 807 deson
768 774 871 818 courags.

132 880 157 930 si
168 893 225 930 eum
238 877 382 936 exercitum,
395 876 498 934 milites,
511 877 642 927 educerem
657 878 682 928 iu
692 879 780 937 aciem,
797 894 872 945 quem

102 952 129 1001 in
142 950 220 1001 Gallia
236 963 334 999 mecum
345 946 430 1005 hahui,
448 947 643 1010 supersedissem
657 949 724 1017 loqui
738 952 804 1011 apud
817 966 871 1002 vos.

102 1020 165 1078 Quid
177 1019 243 1071 enim
255 1017 382 1068 adhortari
389 1017 494 1065 referret
501 1022 545 1065 aut
555 1029 598 1066 eos
605 1017 710 1080 equites,
718 1019 761 1081 qui
773 1021 873 1083 equita-

101 1087 271 1141 tumhostium
284 1088 315 1138 ad
322 1086 468 1137 Rhodanum
479 1086 571 1135 llumeu
582 1087 682 1149 egregie
689 1088 815 1152 vicissent,
828 1098 873 1142 eut

101 1174 143 1210 eas
156 1160 275 1222 legiones,
290 1171 348 1208 cum
360 1157 452 1220 quibus
464 1156 600 1216 lugientem
610 1159 677 1207 hunc
684 1158 765 1221 ipsum
774 1161 872 1212 hostem

100 1236 210 1287 secutus,
223 1227 403 1280 contessionem
419 1225 528 1275 cedentis
540 1226 573 1288 (l)
582 1226 775 1278 acdetrectantis
787 1236 872 1280 certa·

100 1315 159 1351 meu
170 1314 216 1364 pro
224 1300 326 1350 victoria
332 1298 427 1348 hahui‘i
437 1297 455 1346 li
459 1310 516 1355 unc,
528 1297 588 1359 quia
598 1297 769 1349 illeexercitus
780 1301 872 1365 llispa·

100 1371 150 1421 niae
164 1369 295 1434 prosinciae
309 1369 424 1430 scriptus.
435 1366 535 1415 ibicum
546 1366 622 1417 tratre
631 1367 673 1417 Cu.
686 1370 798 1432 scipione
809 1373 872 1422 meis

100 1441 218 1503 auspiciis
230 1453 284 1489 rem
300 1437 373 1500 gerit,
386 1437 431 1487 ubi
441 1450 499 1486 eum
509 1450 597 1500 gerere
610 1445 709 1487 senatus
715 1440 872 1505 populusque

101 1512 225 1561 Romanus
241 1510 328 1566 voluit,
342 1521 397 1571 ego,
405 1515 434 1556 ut
442 1507 569 1556 consulem
578 1508 666 1557 ducem
677 1510 796 1560 adversus
806 1512 872 1561 llan-

101 1580 211 1632 nihalcm
231 1594 260 1629 ac
277 1580 364 1629 renos
381 1575 516 1634 haberetis,
536 1577 590 1639 ipse
607 1590 649 1626 me
661 1579 721 1628 huic
733 1581 872 1633 voluntario

101 1650 230 1701 certamini
252 1647 330 1699 obtuli
349 1661 355 1695 :
371 1659 434 1696 novo
449 1646 595 1709 imperatori
606 1648 672 1710 apud
688 1662 764 1698 novos
780 1651 871 1704 milites

102 1735 177 1786 pauca
191 1721 266 1769 verba
277 1718 391 1768 iacienda
402 1722 471 1766 sunt.

35 1798 37 1805 '
132 1793 165 1841 lie
176 1805 255 1853 genus
268 1790 335 1847 belli,
345 1801 407 1837 neve
414 1788 512 1836 hostem
521 1785 652 1849 ignoretis,
662 1801 720 1838 cum
730 1790 770 1839 his
781 1799 819 1841 est
825 1807 871 1844 vo·

101 1864 149 1920 his,
163 1861 264 1917 milites,
271 1859 441 1924 pugnandum.
452 1870 516 1920 quos
523 1863 588 1906 terra
595 1857 709 1922 marique
716 1860 871 1922 priorehello

101 1933 195 1983 vicistis
200 1948 208 1990 ;
221 1947 234 1982 a
253 1933 344 1993 quihus
355 1929 504 1992 stipendium
516 1942 562 1990 per
574 1928 663 1991 viginti
673 1945 750 1980 annos
765 1933 797 1997 (il
813 1948 871 1985 exe·

102 1997 869 2066 gistis3aquibuscaptabellipraemia,Siciliamaosardiniam,

101 2074 205 2126 hahetis.
219 2073 357 2135 Eritigitur
368 2071 394 2119 in
406 2070 451 2133 hoc
458 2068 593 2117 certamine
600 2069 623 2118 is
633 2070 808 2135 rohisillisque
817 2079 872 2126 ani-

103 2161 167 2205 mus,
178 2146 224 2210 qui
241 2143 377 2195 victoribus
389 2143 415 2188 et
433 2139 503 2188 victis
520 2152 575 2188 esse
588 2140 659 2191 solet.
676 2142 722 2191 lieo
738 2144 866 2205 aoncilii,

102 2217 160 2278 quia
176 2216 276 2274 audent,
288 2214 331 2264 sed
343 2211 401 2274 quia
414 2221 513 2256 necesse
524 2212 570 2267 est,
588 2211 722 2271 pugnaturi
738 2221 808 2271 suut;
821 2216 870 2266 nisi

102 2288 212 2342 creditis,
222 2287 265 2348 qui
277 2283 385 2334 exercitu
395 2277 514 2328 incolumi
526 2291 634 2340 pugnam
645 2280 820 2340 detrectavere,
828 2299 870 2338 eos

102 2355 321 2417 duahuspartihus
330 2351 442 2416 peditum
451 2348 615 2409 equitumque
622 2349 764 2400 intransitu
771 2353 871 2416 Alpium

101 2426 200 2475 amissis
221 2428 307 2490 (quum
322 2424 408 2488 plures
427 2431 496 2481 paeue
510 2417 543 2482 (ὅ)
556 2418 677 2481 perierint
692 2434 767 2483 quam
782 2436 871 2487 super-

128 2566 176 2610 χει,
196 2568 216 2609 1,
240 2565 406 2620 &ssessionem
437 2571 473 2602 ce·
499 2557 552 2601 dans
561 2559 655 2615 laquelle
672 2561 688 2604 il
705 2561 757 2605 ituit
775 2562 803 2606 de
821 2564 870 2609 leur

101 2629 185 2679 dentis,
196 2642 224 2670 m.
236 2628 286 2670 iim.
302 2627 371 2669 l'aveu
386 2625 416 2668 du
431 2624 473 2666 lai·
498 2622 557 2663 lenit·
569 2623 618 2664 tete.
636 2646 663 2654 -
680 2623 700 2666 2.
717 2623 763 2667 Per
783 2625 870 2681 viginti

101 2697 148 2735 sant
164 2689 261 2742 retmite,
278 2688 419 2740 dest-idue,
434 2686 473 2730 l'a·
498 2697 580 2735 annos.
598 2685 675 2740 depuis
692 2684 732 2728 282
749 2698 783 2728 av.
806 2688 869 2749 led„

102 2765 142 2795 reu
152 2756 246 2795 contenu
254 2749 308 2793 daus
317 2754 373 2792 cotto
383 2762 470 2793 mesum
498 2752 547 2796 date
555 2749 583 2792 de
592 2747 613 2790 le
621 2749 671 2803 pair
684 2750 722 2805 qui
736 2750 830 2792 termina
848 2750 869 2795 la

101 2813 243 2866 d'llannibal,
256 2812 283 2856 de
296 2824 320 2855 ss
333 2813 434 2856 retineri
450 2813 471 2857 la
498 2814 606 2873 premiere
625 2823 703 2867 guerre
721 2809 830 2866 Puniquc.
842 2837 869 2848 -·

102 2889 144 2920 rue
161 2877 200 2920 das
224 2881 314 2931 troupes
337 2877 446 2919 romaines
463 2891 469 2918 ε
497 2878 519 2924 5.
535 2876 617 2921 Plures
631 2886 698 2930 pesae
714 2885 742 2917 ne
760 2874 868 2920 s'secorde

85 2937 471 2998 ereuihrplr'citodel'impuissauce
498 2951 537 2997 pas
562 2948 615 2982 arec
640 2933 731 2979 ieme
757 2936 869 2994 portibus
