1904 3216
89 147 120 196 26
395 151 559 204 ORATlONES

88 277 166 328 quum
176 265 298 326 stipendia
308 265 338 327 (3)
346 267 573 328 nohtsconsulibus,
580 286 629 320 non
638 271 862 329 trihantsducibus

88 334 152 385 etin
166 338 260 391 castris,
282 349 330 383 non
346 336 372 382 in
387 337 441 386 foro
456 338 591 397 faciebatis,
606 347 629 388 et
641 341 667 388 in
681 341 734 389 acie
750 348 860 389 vestrum

89 406 223 455 clamorem
236 405 326 463 hostes,
340 420 389 454 non
404 408 429 456 in
439 413 556 459 concione
568 413 652 460 Patres
661 411 762 458 Romani
775 412 863 460 horre·

89 479 161 533 hant;
174 475 256 537 praeda
267 481 344 536 parta,
353 491 412 537 agro
419 493 447 525 ex
457 481 528 528 hoste
538 487 616 542 capto.
628 481 692 542 pleni
708 481 864 530 fortunarum

89 544 864 612 gloriaequesimulpublicae‚simulprivatae,triumphantesdo·

88 628 157 664 mum
165 616 195 663 ad
203 614 306 664 Penates
317 617 451 666 redibatis:
464 634 532 668 nunc
546 627 675 669 oneratum
686 621 775 668 vestris
787 623 865 671 l'orlu-

28 720 30 725 .
88 685 128 734 nis
144 685 237 733 hostem
252 683 420 753 conestalus.
435 687 530 736 llaerete
542 688 607 736 affixi
626 689 795 747 concionibus,
804 697 828 740 et
837 691 865 740 in

88 757 145 804 loro
153 756 239 804 vivite:
251 755 366 814 sequitur
371 770 410 803 vos
419 764 552 807 necessitas
558 758 757 821 militandiquam
767 760 862 820 sugitis.

89 826 166 876 Grave
181 833 234 873 etat
251 826 275 873 iu
290 827 378 886 AEquos
395 832 420 875 et
436 828 531 877 Volscos
551 828 683 890 proticisci!
699 831 761 878 Ante
781 838 865 891 portae

87 905 127 947 est
139 898 241 947 bellum.
250 898 273 946 Si
286 898 341 946 inde
353 911 400 945 non
406 898 516 960 pellitur,
524 900 577 962 jam
589 899 656 948 intra
666 902 757 948 moenia
767 900 825 957 erit,
839 909 865 951 et

87 982 170 1019 arcem
179 973 206 1016 et
219 966 365 1027 Capitolium
373 968 482 1025 scandet,
493 975 518 1017 et
529 970 554 1017 in
566 970 651 1018 domos
658 976 751 1018 vestras
758 983 802 1019 vos
808 985 865 1033 per-

89 1045 214 1101 sequetur.
230 1037 330 1085 Biennio
342 1046 399 1087 ante
413 1043 512 1088 senalus
523 1039 647 1088 delectum
656 1038 743 1088 habeti
754 1047 780 1089 et
791 1042 864 1093 educi

89 1109 225 1160 exercitum
237 1107 263 1156 in
272 1108 386 1168 Algidum
395 1108 426 1170 (ll
445 1109 534 1170 jussit;
549 1111 663 1158 sedemus
677 1110 773 1159 desides
786 1113 863 1173 domi,

90 1179 223 1229 mulierum
234 1178 285 1226 ritu
302 1179 417 1227 internos
426 1182 581 1235 altercantes,
597 1179 714 1240 praesenti
728 1194 786 1240 pace
800 1182 863 1242 laeti,

89 1247 863 1311 neccernentesexotioillobretimultiplexbellummatitunum.

116 1345 150 1390 IV.
160 1345 187 1388 Ge
203 1345 293 1398 langaqe
306 1349 340 1387 est
349 1344 433 1396 severe,
449 1345 503 1387 mais
516 1345 565 1400 plus
576 1345 629 1388 dnus
639 1345 735 1388 l'intdret
744 1346 773 1388 du
783 1348 863 1404 peuple

88 1421 133 1464 que
144 1407 165 1450 la
176 1407 277 1448 conduite
288 1405 406 1452 interessee
414 1406 452 1450 des
462 1407 554 1449 tribuas.
563 1407 608 1456 Que
617 1407 725 1462 lepeuple
735 1408 864 1454 abandonne

89 1479 144 1511 ceux
152 1465 191 1521 qui
199 1464 311 1518 regarent,
319 1464 372 1518 qu'il
380 1465 442 1507 suive
450 1465 470 1508 lc
477 1465 561 1516 consul,
568 1471 588 1507 et
597 1465 617 1507 la
625 1465 717 1508 victoire
725 1468 862 1512 estassuree.

120 1558 144 1606 l.
161 1554 202 1603 llis
211 1566 256 1614 ego
264 1553 372 1616 gratiora
378 1553 448 1602 dictu
460 1553 621 1603 aliaessescio
632 1566 638 1600 :
649 1554 691 1603 sed
705 1569 744 1604 me
753 1570 865 1619 verapro

89 1626 167 1690 gratis
182 1624 257 1685 loqui,
273 1624 319 1673 etsi
329 1637 411 1673 meum
423 1625 552 1686 ingenium
559 1641 608 1676 non
620 1631 742 1681 moneret,
754 1627 864 1676 necessi-

89 1703 126 1746 tas
148 1696 221 1756 cogit.
242 1695 331 1743 Vellem
352 1695 468 1755 equidem
484 1695 552 1745 vohis
570 1698 675 1759 placere,
688 1697 805 1754 Quirites,
821 1700 864 1747 sed

40 1823 43 1826 Δ
88 1767 168 1816 multo
184 1766 247 1813 malo
257 1778 296 1812 vos
311 1765 389 1814 salvos
399 1778 460 1821 esse,
475 1766 649 1826 qualicumque
658 1777 716 1826 erga
731 1778 770 1812 me
780 1765 864 1814 animo

88 1837 168 1887 futuri
180 1842 247 1884 esus.
257 1835 347 1883 Natum
357 1836 404 1883 hoc
413 1835 447 1883 ita
460 1843 629 1896 comparatum
641 1842 685 1893 est,
700 1840 728 1882 ut
742 1833 786 1896 qui
796 1835 864 1897 apud

89 1906 272 1956 multitudinem
297 1920 339 1953 sua
360 1918 432 1953 causa
446 1905 566 1966 loquitur,
581 1905 677 1965 gratior
687 1918 716 1953 eo
733 1904 773 1959 sit,
789 1904 865 1965 etque

89 1993 160 2028 mens
174 1976 238 2027 nillil
246 1984 336 2038 praeter
350 1976 475 2037 publicum
491 1977 646 2024 commodum
660 1975 724 2023 videt
732 1974 764 2037 (5)
778 1989 786 2032 ;
809 1972 861 2024 nisi

89 2050 152 2097 fonte
170 2052 331 2095 assentatores
343 2046 462 2106 publicos,
477 2045 611 2108 plebicolas
628 2046 697 2101 istos,
709 2044 804 2107 quivos
815 2057 861 2094 nec

89 2116 202 2166 inarmis
213 2130 258 2164 nec
268 2116 294 2163 in
302 2117 352 2164 otio
364 2130 416 2164 esse
425 2114 520 2170 sinunt,
531 2123 613 2165 vestra
624 2128 744 2163 voscausa
753 2113 862 2166 incitare

89 2192 114 2236 et
119 2185 250 2236 stimulare
255 2187 355 2247 putatis.
363 2187 491 2241 Concitatl,
501 2194 544 2235 aut
551 2185 638 2234 honori
644 2182 800 2246 autquaestui
808 2184 861 2236 illie

90 2256 149 2304 estio
161 2255 264 2315 :etquia
279 2255 304 2300 in
315 2255 444 2302 concordia
459 2255 573 2303 ordinum
588 2256 667 2304 nullos
681 2255 712 2316 (6)
722 2269 748 2302 se
759 2266 865 2316 usquam

90 2324 249 2380 meotidem,
262 2323 587 2385 malaereisequamnullius
596 2325 865 2387 (ll,turbarumeose-

90 2435 134 2466 une
152 2421 200 2465 idde
220 2420 269 2475 plus
287 2417 461 2470 contratctette
488 2432 545 2475 pour
554 2421 644 2464 nulline
660 2421 778 2475 momenti,
795 2421 865 2466 n'etre

89 2494 133 2538 que
143 2493 209 2524 nemo
219 2479 331 2534 defendit.
341 2503 368 2510 -
380 2479 401 2523 d.
416 2479 462 2523 sa·-
488 2483 544 2533 aicu,
555 2485 601 2526 etro
610 2482 667 2526 nuls.
679 2507 706 2516 -
720 2485 739 2527 l.
751 2484 865 2528 L'omteur

87 2542 177 2599 pendia
186 2549 219 2585 est
230 2542 256 2583 ici
274 2553 329 2595 pour
342 2540 453 2585 militiam
488 2556 500 2585 a
519 2545 586 2586 voulu
603 2545 650 2588 dire
670 2560 676 2587 ε
696 2546 764 2588 malac
781 2545 820 2590 rei
841 2558 865 2589 ae

88 2605 117 2649 La
126 2605 187 2649 eolde
196 2603 461 2647 milltalrelutintroduile
488 2619 558 2660 quam
572 2607 662 2650 nulline
675 2607 751 2662 (duces
769 2621 816 2652 mc
826 2621 865 2652 ue·

89 2668 139 2725 plue
148 2667 203 2710 tard.
215 2665 237 2707 ll.
255 2666 275 2710 le
294 2666 349 2710 Iliso.
365 2665 460 2710 lllllillll.
489 2671 561 2722 ccum
576 2670 631 2711 mais
650 2671 661 2711 a
681 2682 747 2713 cause
766 2671 794 2713 de
812 2670 865 2714 l'ex·

87 2730 142 2774 -d
159 2728 277 2785 Alqidum,
289 2730 332 2782 atati.
345 2731 410 2772 llocca
427 2727 461 2772 del
490 2732 587 2784 pression
602 2731 683 2773 directe
697 2733 735 2786 qui
746 2733 802 2784 suit,
814 2735 865 2776 lur-

89 2791 190 2843 Paua.-
205 2792 225 2835 5.
248 2791 318 2833 l'iclel.
330 2805 349 2844 μ.
366 2792 462 2846 spectat,
490 2791 574 2834 burum
587 2793 611 2835 et
628 2792 769 2836 seditionum
786 2795 862 2848 dacae,

90 2865 200 2907 euvtsage.
223 2876 250 2883 -
268 2854 288 2896 6.
313 2852 391 2895 Αἰιίὶοι
408 2863 464 2902 eaeo.
492 2853 507 2895 il
518 2855 565 2895 lluit
577 2852 596 2895 la
606 2853 685 2908 phrase
697 2866 735 2909 pac
746 2855 835 2898 valcant.
