1904 3216
294 175 332 225 Ex
349 176 417 224 lell
434 174 521 223 liutto
537 173 614 224 xxti
796 179 842 230 lie

66 304 121 339 mas
126 290 387 350 regionesdistraxere
394 291 437 353 (9).
447 289 535 340 Eadem
543 288 568 338 in
574 289 631 339 illos
637 290 733 352 ingruit
740 292 842 343 fortuna

65 373 123 422 quac
137 373 218 420 nuper
229 374 275 410 nos
286 361 388 411 aillixit:
399 375 457 410 narn
468 367 494 409 et
507 360 658 410 deseruntur
672 363 704 411 ab
718 362 800 419 sociis,
812 371 842 413 ut

66 429 141 492 prius
151 429 183 479 ab
190 430 320 481 Celtiberis
330 446 387 489 nos;
403 431 552 480 etdiduxere
561 431 699 488 exercitus;
709 445 765 492 quae
775 433 840 495 patri

67 508 209 562 patruoque
223 515 356 550 meomuse
370 501 439 549 exitii
454 499 509 548 luit.
525 499 572 550 lico
587 500 710 550 discordia
721 502 840 553 intestina

66 570 136 621 coire
148 570 226 620 eosin
242 585 320 619 unum
337 570 409 621 sinet.
427 584 508 632 neque
523 570 617 632 singuli
632 573 704 620 nobis
721 573 840 623 resistere

65 647 193 705 poterunt.
208 640 252 690 los
267 642 348 698 modo,
366 639 467 698 milites,
482 643 559 688 latete
573 641 669 690 nomini
686 642 838 705 Scipionum,

65 711 145 762 soboli
158 712 338 774 imperatorum
349 717 497 768 vestrorum,
512 711 579 759 velut
594 712 680 761 accisis
694 713 843 762 recrescenti

65 781 199 844 stirpibus.
217 781 297 845 Agite,
308 781 400 831 milites
409 786 515 834 veteres.
532 793 625 830 novum
638 781 775 832 exercitum
788 781 839 847 (to)

69 865 213 914 novumque
228 852 317 901 ducem
328 850 449 900 traducite
462 850 569 906 iberum,
582 851 706 902 traducite
718 851 745 900 in
759 860 839 902 terras

68 936 129 973 cnm
139 922 228 973 multis
239 921 345 972 sortibus
352 920 424 971 lactis
431 934 497 981 saepe
508 920 598 970 anobis
607 928 758 984 peragratas.
768 922 840 972 Brevi

66 993 159 1043 faciam
174 1000 213 1050 ut,
222 991 431 1055 quemadmodum
446 1004 513 1039 rrunc
528 991 656 1040 noscitatis
671 991 699 1040 in
712 1007 752 1042 me
762 995 840 1055 patris

66 1062 201 1126 patruique
207 1061 397 1112 similitudinem
402 1061 453 1111 oris
459 1062 592 1123 vultusque
598 1068 623 1110 et
628 1062 776 1112 lineamenta
784 1077 840 1111 cor-

66 1132 143 1194 poris,
152 1133 188 1183 ita
198 1132 304 1195 ingenii,
317 1131 375 1181 ddei
386 1129 536 1193 virtutisque
543 1132 574 1178 ad
586 1132 727 1193 exemplum
738 1146 841 1194 expres·

65 1202 235 1264 semeliigiem
247 1202 317 1252 robis
324 1202 434 1257 reddam,
448 1200 600 1250 ntretixisse
607 1210 650 1250 aut
657 1208 774 1252 renatum
787 1201 837 1252 sibi

64 1275 171 1339 quisque
184 1273 321 1337 Scipionem
336 1273 511 1334 imperatorem
526 1271 597 1320 dicat.

413 1413 488 1463 CXXV

175 1519 233 1584 Cep.
246 1518 387 1571 toseratio
396 1520 423 1569 P.
442 1517 567 1584 Scipionie
578 1518 614 1568 ad
624 1518 726 1570 nilum

85 1623 230 1678 &ipim-quum
238 1621 348 1675 exercitum
357 1622 540 1675 adloppugnandam
548 1622 684 1674 mrtbafim
692 1625 765 1664 doram
773 1627 836 1667 dnae-

65 1677 105 1720 ηπ,
112 1670 190 1710 mla
198 1680 229 1708 nu
241 1671 337 1708 rationem
347 1668 443 1705 mdrnbua
451 1678 479 1705 nc
489 1671 582 1716 exponite

90 1748 146 1794 ilua
160 1749 224 1806 s'agit
240 1761 279 1805 pas
290 1747 359 1791 d'etre
371 1749 448 1790 maltro
463 1747 529 1790 d’une
541 1748 601 1801 ville,
614 1749 669 1792 mais
685 1750 835 1807 del'bspagne

67 1811 159 1855 entidre.
173 1810 307 1867 Cartbagdne
319 1816 353 1853 est
368 1809 390 1853 le
399 1809 464 1864 de'pot
474 1809 512 1852 des
520 1810 593 1864 dtages
603 1810 630 1854 de
640 1816 686 1855 tout
699 1811 721 1855 le
728 1824 787 1867 pays,
797 1813 835 1856 des

64 1872 156 1924 mesore,
171 1874 210 1916 das
221 1885 347 1917 remourees
360 1873 399 1916 des
410 1871 570 1925 Carthaginois:
587 1871 653 1915 llome
670 1884 698 1914 en
714 1884 763 1915 sera
779 1875 836 1916 mai·

64 1943 142 1979 messe.
154 1934 217 1978 buliu
228 1934 281 1978 c’est
290 1948 320 1976 un
330 1940 379 1989 port
388 1933 501 1984 excellent,
521 1931 541 1974 la
559 1931 604 1974 clei
612 1932 639 1975 de
656 1933 768 1989 l'Fspngne
778 1946 837 1990 pour

62 1997 183 2052 Carthago:
199 1996 289 2040 l'entree
299 1996 331 2039 lui
341 2009 369 2039 en
378 2008 427 2038 sera
439 1993 528 2037 formos.

94 2094 130 2144 Ad
150 2095 238 2144 urbem
252 2107 326 2142 unam
342 2090 532 2154 oppugnandam
549 2091 571 2139 si
587 2090 644 2151 quis
658 2104 699 2139 eos
718 2091 838 2141 adductos

63 2165 152 2221 credit.
166 2165 189 2213 is
203 2163 282 2225 magis
294 2163 376 2224 operis
390 2160 473 2217 vestri,
488 2175 563 2224 quam
578 2162 738 2210 emolumenti
752 2161 835 2211 ratio-

65 2250 124 2285 nem
137 2243 258 2284 exactam.
274 2232 375 2287 milites,
394 2231 475 2279 babet.
492 2230 672 2293 oppugnabitis
691 2230 758 2279 enim
779 2244 837 2282 sera

63 2341 139 2385 i'arait
159 2339 241 2394 engagd
267 2339 280 2380 a
307 2337 436 2393 poursuine
465 2328 612 2378 «nliuscrrca
620 2336 836 2390 Saguntum‚divarai

63 2415 104 2446 son
125 2399 260 2456 expeditiom
287 2410 327 2453 vop
349 2395 435 2451 Polybo.
465 2404 641 2439 «concesserant
653 2399 676 2438 in
687 2396 836 2441 hiberna.»-

63 2477 93 2507 au
108 2461 144 2506 eb.
159 2463 192 2505 ll.
212 2482 240 2492 -
255 2458 276 2502 9.
297 2458 350 2502 Trea
368 2456 436 2500 duces
464 2458 497 2502 10.
518 2458 602 2502 Nonum
624 2458 835 2509 exercitamina

64 2522 263 2570 discordantem...
295 2519 434 2564 distraxere.
464 2521 525 2563 mille
535 2518 836 2575 hommesajoutdedl'ancion

63 2586 173 2632 Tite-bine
196 2584 228 2629 dit
249 2595 278 2627 au
302 2582 365 2636 cbtp.
388 2580 437 2624 20:
466 2581 555 2624 ellectil.

65 2640 441 2701 «flaadmbtliiisgonielflliffilub
488 2642 562 2688 CXXV.
580 2644 608 2688 Le
626 2645 725 2689 dieeourn
744 2645 772 2689 de
790 2644 836 2689 Sci·

65 2734 75 2753 ι
91 2724 135 2768 que
148 2710 175 2754 ad
192 2709 299 2752 Oceanum
317 2704 434 2756 etonem
462 2707 514 2761 pion
529 2719 558 2749 au
577 2706 644 2761 jaune
667 2705 777 2757 Allucius,
790 2719 834 2763 que

66 2775 152 2830 «lego
163 2774 187 2816 ia
197 2766 436 2818 Mediterraneamui·
462 2767 506 2810 ion
526 2768 585 2822 place
606 2769 669 2824 apr-ds
692 2768 789 2819 celui—ei,
810 2782 834 2814 se

66 2857 76 2875 ι
90 2848 127 2880 me
138 2847 204 2891 snpra
211 2831 388 2875 Castulonensem
394 2828 437 2871 sel-
463 2828 665 2873 trouvednnsnotre
672 2828 826 2873 Narrationes

65 2917 75 2937 ι
90 2907 152 2950 mnu
165 2893 285 2940 Hasdrubal
309 2891 436 2935 Hamilcaris
463 2902 517 2948 page
526 2890 575 2936 158.
