1906 3690
204 560 243 633 m
258 583 349 632 mam
369 578 562 633 msronnnuu
579 577 667 630 amno
684 576 713 629 tt
803 575 849 627 ua

160 817 216 867 EX
235 815 373 865 MBM
389 813 436 863 lv
457 810 771 862 nnsnumnttar

431 1005 501 1054 xant

186 1147 241 1210 Cap.
258 1147 281 1195 7.
303 1145 378 1197 Verba
392 1144 503 1196 Heluidii
517 1140 599 1194 Prisci
612 1142 640 1192 in
651 1141 752 1207 Senatu.

104 1285 159 1324 Victo
164 1289 185 1323 et
196 1284 387 1337 interiectotiteilio.
394 1294 454 1333 quum
464 1287 544 1337 senatus
553 1283 578 1322 de
587 1283 670 1333 imperio
678 1281 793 1336 'Vespasiani
805 1293 854 1336 cen·

84 1336 142 1376 soret¹
165 1330 253 1368 lacuerat
265 1334 317 1368 mitti
326 1330 429 1366 adnutum
440 1331 502 1366 Princr
517 1339 548 1366 em
560 1329 579 1366 ie
593 1328 854 1373 atos.rnscusetiginom1·

83 1375 142 1412 natim
152 1341 226 1424 Γοβριοε
235 1385 246 1410 a
255 1373 402 1421 magistratibus
411 1371 490 1420 juratis,
501 1339 572 1421 Eprius
601 1372 686 1410 arcellus
700 1372 852 1424 (dolatorium-

83 1428 123 1456 see
133 1424 153 1457 et
164 1418 254 1463 atrorum)
271 1422 343 1455 sortem
358 1423 378 1455 et
392 1426 460 1455 urnam
471 1416 588 1468 postutapat.
598 1425 642 1467 pua
656 1417 742 1455 consutis
757 1418 797 1454 deu
814 1461 817 1467 Ι
836 1421 852 1455 tr

83 1462 180 1500 sententia
192 1463 262 1499 iuerat.
279 1461 373 1513 marcelli,
391 1461 459 1512 quipe
474 1465 553 1512 senatur
564 1469 649 1498 musam
666 1464 753 1511 rapuerat.
764 1425 853 1498 stuffim

84 1505 587 1596 attinwtittttttttnitttnttttttn
595 1503 852 1597 „tttttttittttttttt

85 1598 136 1638 sunt,
143 1598 248 1642 quaerente
256 1594 345 1632 Helvidio
353 1605 359 1630 a

116 1693 179 1750 Quid
187 1693 222 1742 ita
228 1693 356 1742 Marcellus
364 1692 488 1754 judicium
494 1692 687 1752 magistratuum
697 1692 854 1755 patesceret?

85 1762 189 1812 Esseilli
198 1761 338 1826 pecuniam,
351 1769 376 1811 et
384 1761 559 1824 eloquentiam,
571 1759 727 1822 quismultos
738 1762 852 1818 anteiret,
925 1778 928 1783 ·

84 1834 108 1882 ni
121 1833 241 1882 memoria
254 1832 407 1894 flagitiorum
421 1839 563 1894 urgeretur.
578 1832 647 1882 Sorte
656 1838 681 1881 et
698 1845 759 1881 urna
771 1844 854 1881 mores

84 1917 134 1952 non
140 1903 248 1952 discerni
255 1918 261 1950 :
268 1903 388 1964 sutfragia
398 1910 421 1951 et
427 1902 631 1952 existimationem
637 1908 735 1951 senatus
744 1907 853 1965 reperta,

86 1979 113 2021 ut
124 1973 149 2021 in
156 1972 504 2036 cujusqueritamiamamque
508 1977 675 2034 penetrarent.
684 1972 811 2022 Pertinere
823 1972 854 2021 ad

85 2043 219 2093 utilitatem
232 2043 518 2106 reipublicae,pertiner·e
529 2041 560 2090 ad
572 2042 709 2105 Vespasiani
722 2043 852 2098 honorem,

85 2129 216 2165 occurrere
227 2115 264 2164 illi
281 2129 344 2178 quos
358 2114 573 2164 innocentissimos
586 2120 687 2165 senatus
696 2114 794 2173 habeat,
809 2114 853 2176 qui

85 2185 195 2235 honestis
208 2186 364 2235 sermonibus
377 2198 451 2234 aures
467 2184 626 2246 Imperatoris
632 2184 754 2234 imbuant.
769 2185 854 2232 Fuisse

85 2256 230 2318 Vespasiano
244 2256 379 2306 amicitiam
392 2269 449 2305 cum
470 2255 583 2313 Thrasea,
596 2256 688 2304 Sorano
702 2254 746 2319 (t),
759 2253 852 2310 Sentio,
942 2316 945 2321 ,

86 2339 194 2387 quorum
203 2332 365 2384 accusatores,
373 2324 470 2374 etiamsi
482 2325 566 2387 puniri
576 2339 627 2374 non
642 2330 763 2388 oporteat,
773 2330 855 2374 osten·

86 2393 135 2442 tari
146 2406 195 2443 non
203 2395 301 2443 debere.
311 2395 468 2443 llocsenatus
475 2393 567 2455 judicio
572 2393 771 2443 velutadmoneri
783 2393 854 2442 Priu-

86 2463 176 2525 cipem‚
186 2477 249 2525 quos
258 2464 354 2525 probet,
361 2476 424 2525 quos
434 2463 588 2512 reformidet.
600 2462 783 2526 Nullummap'us
794 2462 854 2511 boui

85 2531 186 2595 imperii
191 2533 396 2590 instrumentum,
403 2545 479 2593 quam
490 2533 665 2584 bonusamicus
675 2546 738 2582 esse.
750 2531 853 2596 Satisffl)

113 2683 182 2727 xtlx.
191 2682 303 2725 Helvidius
312 2682 398 2724 Priscus
407 2680 459 2725 etait
485 2686 650 2726 connumerant.
669 2682 741 2727 Tacito
759 2684 832 2739 ajouta
847 2697 853 2728 :

86 2747 108 2790 ie
124 2745 206 2800 gendrc
224 2745 251 2787 de
270 2744 339 2787 ratus
353 2743 458 2786 'thraseas
485 2743 579 2788 Gatnctis
588 2745 642 2789 uitae
656 2745 742 2801 officiis
753 2745 855 2801 aequati·

87 2811 143 2863 (vop.
154 2809 175 2850 lc
186 2808 239 2850 Disc.
250 2805 345 2859 xxxix),
355 2807 412 2849 etde
422 2818 458 2848 ces
486 2807 523 2859 tis,
538 2819 608 2862 opum
627 2809 777 2863 contemptor,
795 2809 855 2852 recti

87 2870 189 2912 stoicions
214 2869 266 2912 dont
290 2867 362 2911 Tacite
380 2879 458 2923 exposa
482 2868 603 2924 peruicax,
621 2871 728 2912 mmmm
743 2867 855 2912 aduersus

88 2932 143 2973 ainsi
165 2931 185 2973 la
204 2931 301 2974 doctrine
319 2944 348 2974 au
370 2931 405 2973 ch.
422 2931 457 2973 5:
485 2931 603 2972 matus·
616 2930 636 2972 1.
651 2927 749 2972 Sorano.
762 2927 856 2972 SurBa·

88 2994 193 3037 Doctores
207 2993 350 3049 sapientium
360 2993 411 3048 (eos)
425 3005 459 3035 se-
484 2990 534 3034 reas
547 2990 642 3033 Soranus
667 3001 712 3044 vop.
730 2990 856 3034 l'intmcluc·

87 3059 154 3099 cutus
178 3059 224 3107 est,
243 3056 284 3111 qui
311 3055 362 3099 sota
384 3055 457 3105 bona.
485 3055 532 3096 tion
540 3051 632 3095 anisc.
640 3049 680 3094 Kli-
699 3052 856 3096 Sentiusn'est

87 3132 136 3178 quaa
152 3119 263 3170 honesta,·
281 3118 346 3161 mula
357 3120 458 3167 tantum,
485 3127 524 3171 pas
536 3112 663 3156 mentiones
679 3114 776 3156 aitleurs.
794 3137 821 3147 -
834 3115 855 3158 ἰ

88 3183 138 3238 puae
147 3180 241 3237 turpiu;
249 3178 460 3236 potentiammobi·
486 3175 557 3228 Satis,
566 3181 641 3218 sent.
655 3175 696 3217 ait.
709 3174 739 3218 La
753 3182 857 3231 punctua-

90 3246 179 3288 titatem
189 3247 311 3299 ceteraque
324 3245 393 3286 estro
407 3241 460 3286 ani·
486 3241 532 3284 tion
548 3238 586 3282 des
602 3236 776 3283 Caucinum-
788 3239 860 3282 bonos

87 3301 460 3361 mumuepuebonisuequcmalis
486 3299 580 3346 amicos.
598 3298 651 3344 Esse
668 3298 730 3341 antis
746 3295 877 3340 nauata,
