1904 3216
91 221 139 272 tot
394 219 553 271 culmosos

437 390 514 441 LXXX

93 510 149 577 [lp.
165 510 204 562 lt.
220 510 307 564 Oratio
324 512 349 562 C.
365 512 458 568 Pontii,
477 511 626 562 Samnitium
640 517 809 580 imperatoris,
822 515 857 564 od

29 584 32 589 '
335 573 454 623 Fetiolcm
465 575 609 626 Romanum.

112 696 194 736 'tribuni
207 698 287 747 scnatm
296 693 376 733 arbitrio
385 702 407 747 ss
421 695 544 746 permittunt.
555 699 661 745 Sponsorcs
672 699 732 745 igitur
743 709 810 737 omnes
823 699 858 737 dc·

91 743 170 781 duntur
178 739 306 790 samniolum¹
333 750 344 776 r
357 738 448 778 tenuem.
458 742 514 784 llum,
530 741 576 779 dum
584 745 674 781 mandata
684 743 736 795 apud
744 744 859 781 samnitium

90 787 233 835 imperatorem
242 793 307 832 peragi
319 812 323 825 .
334 785 367 829 sp.
374 784 483 836 Postumius
491 783 561 834 tamur,
569 790 642 834 quanta
652 797 735 824 maxima
744 789 762 824 vi
772 792 857 834 poterat,

118 841 144 868 nu
156 827 253 881 perculit:
263 831 283 865 st
296 828 349 866 clara
357 837 404 880 moa
413 834 440 864 ait
449 829 552 881 ⁸²lffl¹¹¹¹⁸l¹¹
563 840 585 867 ss
598 830 659 868 oivam
673 840 724 883 ossa,
731 831 787 869 illum
804 831 860 880 loga-

91 872 746 968 cltltltltltlllttltclttllmtlallcttltm
761 877 858 914 ΜΝ*

43 1024 46 1031 ’
120 1015 188 1060 lictus
200 1015 228 1059 (lc
241 1013 387 1058 l'cxtrrdition
398 1013 425 1058 llo
438 1013 569 1058 Postumius.
580 1015 603 1059 Si
612 1015 633 1059 le
645 1016 724 1072 peuplc
736 1017 822 1060 romain
831 1031 859 1061 nc

92 1084 147 1122 scut
159 1090 198 1133 pas
211 1077 239 1120 ds
255 1076 276 1119 la
288 1074 435 1132 capitulatim.
450 1088 494 1131 quo
507 1075 596 1120 l'armoo
607 1089 715 1132 rcprcnne
728 1091 751 1121 ss
765 1079 860 1134 position

92 1145 118 1184 ot
132 1152 168 1184 sss
181 1151 261 1190 umas,
276 1143 298 1180 ot
311 1149 355 1193 quo
371 1137 391 1180 la
410 1149 490 1192 guerro
504 1138 546 1179 soit
557 1140 642 1194 reprise
654 1152 683 1182 au
696 1141 757 1194 point
775 1139 804 1182 orl
816 1139 860 1183 clla

92 1201 155 1246 otiis.
163 1202 204 1244 Los
214 1201 316 1243 llomains
325 1199 442 1242 aurunt-ils
455 1198 555 1254 toujours
566 1200 606 1244 dos
613 1201 721 1255 pritoxtos
732 1213 789 1256 pour
797 1214 860 1244 man-

92 1276 151 1320 qucr
162 1261 307 1307 auxtmitist
316 1260 365 1304 S'ils
381 1261 480 1303 reiuscnt
494 1259 515 1304 lu
530 1262 587 1316 pair,
602 1261 667 1317 qu’ils
683 1264 776 1307 rentem
786 1264 818 1307 les
829 1263 862 1307 lo-

93 1327 158 1380 gions
171 1322 333 1380 prisonuisrss3
345 1321 402 1365 mill
410 1321 573 1377 ccqu'ordoune
583 1322 603 1366 la
613 1323 728 1375 bonnsloi‚
740 1331 763 1368 st
774 1324 861 1369 l'action

92 1387 123 1430 (lo
134 1385 260 1430 Postumius
270 1390 345 1427 contro
354 1382 375 1427 ls
388 1382 453 1427 lociul
462 1383 516 1426 n'est
529 1385 597 1439 qu'un
604 1384 644 1439 jeu
656 1385 745 1439 indigns
755 1384 782 1428 da
795 1385 816 1428 la
826 1398 862 1428 ra-

95 1448 172 1503 ligiou.
185 1469 209 1479 -
221 1445 266 1496 oue
279 1443 312 1488 las
326 1444 461 1500 prisounisrs
474 1445 572 1488 romulus
585 1447 656 1488 sciant
666 1444 736 1490 titios
751 1451 775 1488 st
792 1457 816 1488 sc
825 1457 861 1489 ro·

93 1509 171 1552 tiront.

126 1623 175 1673 Nec
186 1635 233 1684 ogo
244 1619 316 1670 istam
332 1619 481 1670 deditionem
493 1619 621 1683 accipiam,
631 1634 677 1670 noc
690 1619 810 1670 Samnites
820 1635 862 1671 ra-

94 1703 148 1747 tum
160 1693 294 1743 habebunt.
304 1692 367 1747 Quin
377 1701 415 1750 tu,
428 1691 501 1753 Spuri
512 1691 629 1749 Postumi,
639 1692 661 1741 si
673 1692 730 1740 daos
740 1705 794 1740 esse
804 1705 863 1743 cen-

94 1780 145 1823 ses,
155 1772 198 1815 aut
207 1763 289 1814 omnia
298 1763 368 1812 irrila
377 1762 448 1820 lacis,
455 1770 497 1811 aut
505 1769 578 1826 pacto
585 1761 653 1812 stas?
662 1761 863 1824 Samnitipopulo

96 1849 181 1886 omncs
191 1847 254 1896 quos
265 1833 291 1882 in
300 1839 420 1896 potestate
429 1832 524 1889 habuit.
537 1840 580 1882 aut
594 1844 639 1894 pro
649 1831 688 1880 his
696 1844 742 1893 pax
750 1830 862 1881 debetur.

95 1907 143 1956 Sed
158 1905 217 1969 quid
230 1917 277 1967 ego
290 1910 315 1954 te
324 1903 428 1966 appello.
442 1904 485 1965 qui
501 1911 526 1952 tc
532 1910 630 1966 captum
645 1903 734 1951 victori
746 1916 803 1952 cum
815 1918 863 1964 qua

95 1983 164 2042 potes
177 1976 225 2025 lide
237 1973 364 2024 restituist
378 1973 498 2035 Populum
514 1975 648 2022 llomanum
663 1972 768 2034 appello,
789 1987 864 2037 quom

98 2049 120 2097 si
132 2045 270 2110 sponsionis
283 2044 314 2093 sd
323 2045 440 2093 Furculas
455 2043 572 2092 Caudinas
584 2044 654 2092 tacta
668 2042 780 2107 poenitet,
792 2042 866 2093 resti-

97 2123 153 2166 tuat
162 2115 341 2178 legionesintra
354 2110 867 2176 saltumquoscptaetuerunt.tiemoqucm·

97 2201 173 2250 quam
196 2185 324 2247 deceperit,
339 2185 423 2234 omnia
433 2198 477 2246 pro
487 2183 576 2232 inlecto
584 2183 634 2232 sint
648 2199 654 2229 :
667 2182 789 2245 recipiant
797 2196 866 2233 arma

96 2272 154 2319 quac
166 2271 211 2318 per
224 2256 361 2318 pactionem
374 2253 531 2302 tradiderunt
545 2268 551 2298 ε
567 2252 669 2302 redeant
679 2251 706 2300 in
718 2260 800 2302 castra
813 2267 864 2302 sua.

97 2327 223 2390 Quidquid
229 2326 309 2390 pridie
316 2325 464 2382 hahuerunt,
474 2335 550 2385 quam
563 2323 589 2371 in
597 2323 748 2383 colloquium
759 2329 797 2372 cst
807 2335 867 2372 ven-

100 2408 162 2452 tum.
178 2398 283 2447 habeant
299 2409 307 2445 z
325 2403 378 2445 tum
392 2394 483 2443 bellum
499 2399 525 2442 et
540 2393 616 2441 fortia
628 2391 730 2441 consilia
743 2391 864 2454 placeant3

98 2477 159 2518 tunc
172 2468 269 2530 sponsio
281 2464 518 2528 etpaxrepudietur.
528 2462 560 2509 Ea
568 2462 679 2518 fortuna,
690 2460 721 2509 iis
733 2461 801 2517 locis.
812 2474 867 2522 quae

98 2545 158 2589 ante
169 2536 234 2598 pacis
248 2536 397 2585 mentionem
412 2533 552 2587 habuimus.
569 2544 685 2589 geramus
699 2529 807 2586 bellum;
822 2543 868 2579 nec

99 2609 208 2673 populus
217 2608 339 2655 Romanus
352 2603 481 2654 consulum
495 2601 661 2665 sponsionem,
681 2613 726 2650 nec
736 2613 779 2649 nos
793 2599 867 2649 tidem

100 2679 186 2744 populi
200 2677 301 2726 Romani
313 2687 464 2726 accusemus.

132 2751 293 2812 Nunquamne
302 2761 375 2797 causa
393 2747 466 2795 detlet
476 2743 510 2810 (l)
526 2758 572 2794 cur
582 2744 641 2793 victi
650 2749 718 2806 pacto
728 2741 868 2791 nonstctist

124 2882 201 2924 titt,
214 2884 233 2925 l.
248 2883 326 2936 Deflet,
337 2880 363 2923 dc
381 2879 470 2937 defieri.
498 2878 563 2934 opud
571 2890 606 2921 mc
619 2876 663 2920 titi
681 2872 763 2928 defieri
776 2871 868 2928 potior.

83 2939 184 2983 refrenes
200 2941 237 2985 dit
253 2943 283 2985 dc
303 2944 379 2988 mima
400 2957 407 2987 .·
430 2940 472 2988 Nil
499 2935 777 2993 ll'autroslissntdetlciet.
