1904 3216
348 213 385 260 EX
397 213 467 262 Llllll
483 210 572 262 niano
588 211 634 262 xi.
832 213 880 263 515

107 338 138 373 ae
157 325 303 375 miscueris:
323 334 364 374 aut
389 325 493 388 explica,
515 332 601 376 utrum
618 332 712 389 aperte,
729 341 760 376 au
773 328 837 377 clam
853 333 879 378 tc

106 398 253 458 aggressuri
265 398 396 446 fuerimus.
415 398 439 446 Si
449 405 543 460 aperte,
563 412 608 447 cur
622 413 672 448 non
685 412 769 447 omnes
783 400 878 448 terrum

105 465 259 516 habuimus?
280 481 327 516 cur
350 480 423 515 nemo
437 475 528 528 praeter
550 481 602 524 eos,
624 468 668 530 qui
682 468 878 529 tuumspecula-

106 549 187 587 torem
208 537 358 598 pulsarunt?
371 537 393 585 si
407 537 480 593 clam,
489 537 546 599 quis
555 538 616 587 ordo
627 538 726 587 consilii
735 538 802 587 tuiti
818 538 880 589 dou·

105 605 171 655 rivio
183 606 272 657 soluto.
294 622 375 670 quiem
394 608 540 658 comissator
554 622 600 672 ego
613 610 793 667 discessissem,
805 615 879 673 quat-

108 685 165 727 tuor
176 678 355 734 substitissent,
369 684 397 728 ut
412 679 523 741 sopitum
537 683 563 728 te
585 681 803 742 aggrederentur?
819 693 880 743 quo-

107 750 182 799 modo
193 749 351 806 fefellissent,
362 755 387 799 et
397 750 483 807 alieni,
495 756 521 799 et
531 750 592 808 mei,
602 757 627 800 et
644 752 750 802 maxime
759 751 877 815 suspecti,

104 821 165 884 quia
179 821 263 884 paullo
277 827 335 870 ante
346 820 373 870 in
385 820 440 870 rixa
454 820 574 870 suerant‘l
587 822 712 883 quomodo
722 828 816 879 autem,
826 827 880 873 tru-

104 889 186 941 cidato
202 899 235 949 te,
249 892 298 956 ipsi
310 892 408 941 evasuri
424 890 534 941 luerint?
548 898 670 955 quattuor
682 892 774 955 gladiis
788 891 879 943 domus

104 966 150 1010 tua
161 961 216 1023 capi
228 967 254 1010 et
267 961 407 1024 expugnari
420 961 522 1024 potuit?

137 1032 202 1089 Quin
211 1039 248 1089 tu,
258 1032 349 1081 omissa
366 1031 414 1080 ista
425 1038 544 1081 noemma
556 1033 649 1085 fabula,
659 1032 690 1081 ad
702 1032 737 1090 id,
752 1033 820 1095 quod
831 1034 880 1084 do

103 1099 151 1158 les,
173 1103 238 1165 quod
254 1102 349 1150 insidia
365 1101 426 1153 urit,
444 1102 596 1152 reverteris?
611 1118 624 1150 s
642 1104 691 1151 liar
705 1118 813 1163 usquam
828 1103 876 1167 llll

103 1172 178 1234 regni
195 1172 234 1221 tui
250 1172 344 1221 mentio
357 1172 394 1224 lit.
415 1170 541 1221 llemetri‘l
560 1186 607 1221 cur
620 1171 721 1233 dignior
732 1174 812 1234 patris
826 1174 879 1223 lor·

102 1245 173 1290 tunae
185 1255 314 1290 successor
323 1240 473 1303 quibusdam
481 1240 582 1295 rideris,
593 1243 740 1303 qnamego‘l
749 1255 795 1290 our
807 1255 877 1304 spem

103 1324 196 1365 meam.
212 1326 277 1373 quae,
289 1311 311 1360 si
325 1316 354 1359 tn
364 1323 414 1359 non
425 1324 498 1367 esses,
513 1318 579 1359 certa
590 1317 653 1365 erat,
662 1310 763 1359 dubiam
773 1317 798 1360 et
807 1312 877 1362 solli-

103 1380 182 1430 citam
194 1381 303 1431 iacis‘ln
320 1381 375 1429 llaec
387 1381 464 1430 sentit
478 1381 589 1439 Perseus,
608 1381 653 1429 etsi
669 1394 717 1429 nou
728 1381 788 1431 dicit
802 1396 809 1429 z
825 1383 879 1433 lues

102 1451 181 1500 istum
193 1451 330 1507 inimicum,
343 1452 395 1499 haec
404 1456 572 1499 accusatorem
583 1450 678 1499 iaciunt
688 1465 694 1497 :
706 1450 876 1509 lnecdomum,

103 1522 158 1570 baec
166 1534 274 1583 regnum
285 1528 357 1570 tuum
370 1519 521 1569 criminibus
534 1526 558 1567 et
572 1519 757 1580 suspicionibus
768 1521 875 1583 replent

103 1590 156 1650 ligo
163 1598 255 1650 antem,
265 1597 345 1654 pater,
363 1590 572 1653 quemadmodum
586 1604 633 1639 uec
645 1603 712 1639 nnnc
727 1604 828 1653 sperare
839 1604 880 1641 re-

102 1673 191 1722 gnum,
203 1676 249 1711 nec
256 1662 382 1723 ambigere
387 1674 496 1721 unquam
506 1661 537 1709 de
546 1674 575 1709 eo
585 1659 689 1709 forsitan
698 1659 809 1717 debeam,
818 1661 877 1723 quia

102 1731 189 1780 minor
204 1745 270 1788 sum,
284 1732 342 1794 quia
358 1737 385 1778 tu
397 1743 436 1777 mo
452 1730 537 1789 uiajori
548 1730 636 1778 cedere
647 1730 695 1783 vis:
707 1728 743 1778 sic
756 1730 819 1779 illud
832 1745 877 1781 neo

102 1802 180 1853 debui
193 1800 284 1859 iacere,
297 1816 343 1852 nec
358 1802 444 1851 debeo.
454 1807 482 1847 ut
500 1800 617 1861 indiguus
631 1808 657 1849 to
666 1807 744 1863 patre,
758 1800 877 1860 indignus

101 1872 219 1923 omnibus
230 1874 326 1922 videar.
340 1873 366 1921 ld
382 1871 449 1920 enim
462 1871 511 1933 (lt)
528 1871 596 1920 vitiis
609 1871 681 1926 sucis,
697 1884 747 1918 non
769 1870 879 1920 cedendo

101 1942 194 2005 cuijus
209 1945 294 2007 sasque
308 1950 355 1995 est.
374 1956 425 1990 uon
434 1942 565 2000 modestia,
580 1954 729 2003 consequar.

135 2013 258 2062 llomauos
272 2014 359 2075 objicis
374 2011 447 2067 mihi,
465 2018 489 2059 et
503 2024 530 2059 aa
540 2024 596 2071 cinca
607 2011 694 2070 gloriae
707 2024 762 2059 ease
771 2010 873 2069 debent,

102 2080 130 2129 iu
143 2082 238 2131 crimen
259 2082 343 2129 vectis.
364 2082 410 2141 ligo
427 2092 472 2127 uec
488 2079 559 2127 obses
579 2079 694 2127 llomunis
710 2085 737 2125 ut
752 2078 876 2137 traderer,

102 2161 149 2197 nee
158 2157 185 2197 ut
194 2146 609 2211 legatusmittererllomam.petii.
621 2145 768 2194 liternissns
783 2146 877 2197 irenon

101 2220 223 2268 recusavi.
238 2220 346 2282 Utroque
359 2227 471 2279 tempore
482 2218 515 2265 ita
529 2229 568 2264 sne
579 2216 655 2273 gessi,
670 2230 701 2263 ue
718 2217 763 2265 tibi
776 2216 874 2279 pudori,

100 2300 134 2337 ne
148 2300 228 2349 reguo
244 2293 297 2345 tuo,
310 2302 340 2337 uo
352 2289 419 2351 gomi
431 2287 588 2337 llacedonum
597 2300 685 2333 cssoru.
707 2286 793 2347 ltaque
812 2286 876 2337 milti

99 2356 286 2408 sombornonis
298 2359 414 2407 amicitiae
427 2371 500 2406 causa
510 2363 539 2404 tu
552 2356 632 2411 suisti,
645 2361 724 2417 pater.
747 2354 830 2411 Quoad
841 2360 877 2407 lo·

100 2428 225 2478 cumillis
246 2443 290 2491 pax
303 2431 421 2488 manebit,
437 2441 533 2476 mecum
549 2440 650 2489 qnoque
669 2427 750 2485 gratia
765 2426 815 2475 erit
830 2441 837 2475 s
853 2426 875 2477 sl

100 2569 117 2612 il
136 2569 199 2625 parle
217 2570 229 2611 a
249 2581 289 2611 soa
312 2569 377 2611 isira,
397 2592 423 2600 -
442 2570 475 2609 ll.
504 2564 629 2607 Scnlcmcnt
644 2565 724 2607 l'ordro
738 2566 875 2619 logicusdss

99 2628 173 2673 Gar...
187 2628 277 2672 G'cstce
294 2641 337 2682 que
352 2628 429 2669 l’erubo
439 2628 477 2669 dc·
504 2626 876 2683 idries‹lenisudersitooussqssarsr

100 2691 159 2733 vralt
176 2690 225 2732 diro
244 2689 278 2731 s'il
298 2690 380 2731 sosrlsit
403 2687 476 2741 parisis·
503 2703 558 2745 pons·
568 2703 713 2746 cossuqssam
730 2695 785 2737 mais
799 2694 876 2739 1)de-

99 2751 259 2795 lrancbemsnt.
276 2750 344 2793 -12
362 2749 390 2793 ld
404 2748 474 2799 enim,
502 2754 598 2795 triusdit
617 2767 657 2808 par
674 2756 780 2799 mosomo
798 2770 875 2803 conso·

98 2815 174 2859 savoie
183 2817 210 2858 at
220 2812 334 2868 indignas
346 2812 434 2855 videor.
446 2810 475 2853 Ls
502 2826 577 2868 qaam·
587 2827 625 2857 car
640 2826 792 2873 consequerer
810 2832 878 2871 graus·

98 2886 191 2933 passage
201 2881 235 2918 est
248 2874 402 2929 psriaiteumut
412 2873 474 2925 clais,
502 2877 544 2919 rait
554 2876 641 2921 domici
650 2878 666 2921 b
674 2880 789 2921 antenaco
797 2880 898 2931 rullius

98 2942 120 2981 et
143 2936 159 2979 il
184 2936 220 2991 u'g
234 2937 281 2979 saut
299 2936 349 2979 rien
369 2936 474 2987 (tirannos.
506 2952 530 2983 aa
538 2941 711 2985 reconnaissent
719 2936 915 2995 assuebat-auam
