1904 3216
134 223 182 276 ⁴08
441 221 602 276 ousttottns

134 341 215 391 tibus:
224 342 371 404 quantulum
376 340 442 390 enim
449 343 569 392 transisse
576 338 781 399 militumsisese
789 338 907 389 Britanni

134 412 284 461 numerent?
296 412 335 462 Sic
348 412 489 462 Germanias
500 413 637 463 excussisse
649 413 747 475 jugum,
757 415 782 460 et
790 408 906 463 dumine,

134 494 185 531 non
199 480 303 540 Oceano,
315 481 421 532 defendi.
437 482 488 531 Sibi
500 483 615 546 patrium,
629 481 755 546 conjuges,
768 485 906 542 parentes:

134 550 185 601 ittis
196 551 327 600 avaritiam
337 559 362 601 et
372 551 498 602 luxuriam
510 566 596 603 causas
607 553 665 602 belli
677 565 738 601 esse.
756 550 908 599 decessuros

134 625 163 670 ut
174 619 244 669 divus
253 621 334 670 tutius
345 621 487 671 recessisset
499 621 541 685 (11,
565 622 639 671 modo
658 620 761 669 virtutes
779 618 907 682 majorum

134 692 419 741 suorumaemularentur
428 709 433 738 :
442 706 503 741 neve
508 689 807 754 proeliiuniusetalterius
813 693 908 738 eventu

134 767 295 824 pavescerent
308 778 314 809 :
327 762 383 824 plus
392 761 508 825 impetis,
522 760 642 826 majorem
651 759 815 810 constantiam
826 771 908 822 penes

134 831 241 880 miseros
251 833 375 882 essedum
387 832 561 881 Britannorum
576 832 650 881 etiam
660 831 718 881 deos
724 829 851 886 misereri,
862 829 908 892 qni

135 900 272 950 Romanum
283 900 369 951 ducem
382 903 516 960 absentem,
536 901 580 964 qui
598 904 736 964 relegatum
758 899 786 948 in
799 898 849 948 alia
867 899 909 947 in-

135 972 189 1021 suia
199 970 232 1032 (5)
247 971 380 1022 exercitum
392 972 547 1022 detinerent:
559 973 612 1035 jam
626 973 700 1036 ipsos,
715 969 910 1035 quoddifiiciiii-

135 1053 205 1089 mum
211 1040 298 1098 fuerit,
311 1040 454 1091 deliberare.
467 1042 544 1091 Porro
554 1042 708 1105 ineiusmodi
718 1038 830 1093 consiliis
838 1040 910 1103 peri-

136 1111 245 1161 culosius
256 1125 310 1162 esse
320 1113 479 1176 deprehendi,
490 1127 565 1176 quam
576 1114 675 1162 audere.

434 1348 436 1352 Α
490 1299 547 1353 iili

166 1424 224 1488 Cap.
238 1424 319 1476 5032.
332 1422 418 1475 Oratio
430 1422 534 1490 calpon·
542 1424 578 1474 od
587 1425 729 1475 Britannos.
744 1424 810 1487 (L'an
822 1424 879 1488 84.)

157 1562 298 1610 sericeistvm
308 1562 422 1609 perdomitis
435 1564 506 1603 ceteris
518 1565 623 1607 Britannis,
632 1564 731 1614 genubus,
746 1564 768 1616 ip
776 1564 912 1615 caledoniam

135 1609 258 1646 etextremcs
269 1607 337 1645 insutae
344 1618 434 1647 recessus
447 1614 580 1657 penetraverat
588 1610 680 1657 expedito
692 1612 787 1654 exercitu,
799 1610 842 1655 cui,
854 1621 911 1658 prae·

135 1652 355 1693 tertiatiorumnuxitia,
368 1653 425 1690 etiam
434 1663 459 1690 ex
470 1654 565 1691 Britannis
580 1655 698 1693 fortissimos
710 1663 799 1705 quosque
812 1658 835 1691 et
846 1656 908 1704 ionga

136 1704 183 1744 poce
201 1696 310 1744 exploratos
321 1696 428 1734 addiderat.
442 1697 511 1734 Hostes
529 1709 589 1747 super
605 1700 684 1744 triginta
699 1699 759 1736 milita
777 1702 907 1738 armatorum

136 1744 276 1778 convenerant:
287 1750 369 1787 quorum
380 1742 420 1778 dux
432 1740 504 1779 virtute
515 1745 535 1779 et
551 1752 621 1784 neuere
636 1745 730 1790 praestans
741 1742 840 1786 Calgacus
851 1745 909 1791 ap'ud

136 1787 254 1866 ggptractam
264 1785 414 1830 multitudinem,
422 1783 462 1833 jem
472 1785 563 1835 praelium
574 1791 692 1834 poscentem,
701 1786 737 1824 hae
746 1785 841 1825 oratione
855 1798 909 1827 usus

162 1941 193 1985 lie
205 1953 230 1985 ee
238 1942 291 1997 jour
299 1943 364 1988 derra
374 1943 436 1988 dator
446 1945 467 1989 la
482 1945 561 1990 liberti
572 1945 600 1990 de
610 1946 630 1990 ia
642 1946 747 2000 Bretagne
757 1944 860 1999 entiere3
877 1947 914 1992 ies

135 2003 276 2047 Culc'doniens
291 2006 351 2047 n'cnt
364 2006 413 2061 plus
429 2007 512 2050 d'autre
526 2020 617 2052 recours
633 2021 677 2064 que
690 2007 738 2050 leur
753 2018 838 2062 propre
857 2021 915 2052 cou-

135 2063 291 2119 rogatenses
306 2067 434 2110 l'extremite
450 2069 480 2111 du
494 2082 551 2124 pays,
567 2070 595 2112 iis
612 2082 640 2112 eu
653 2076 701 2112 sont
716 2069 736 2111 le
750 2068 845 2113 reservo
855 2076 879 2113 et
892 2073 914 2114 ta

137 2127 238 2170 dernier-e
250 2128 373 2182 esperance.
392 2131 423 2171 Au
436 2130 483 2172 deii
496 2131 522 2174 de
539 2144 564 2174 ee
577 2132 654 2186 champ
668 2131 694 2173 de
706 2130 805 2183 bntaille,
819 2139 915 2186 partout

136 2196 186 2231 sont
199 2189 232 2230 lcs
242 2190 350 2241 Romuins,
365 2190 417 2233 dont
429 2191 530 2245 l'orgucii
544 2206 571 2236 ne
584 2193 688 2236 s'edcncit
697 2193 763 2247 point,
777 2192 834 2236 dont
844 2195 916 2239 l'ava·

137 2252 182 2292 rice
192 2259 225 2294 est
238 2251 352 2294 insatiuble
361 2258 382 2294 et
394 2254 431 2307 qui
442 2256 584 2307 poursuivent
595 2256 654 2297 aussi
670 2255 721 2296 bien
731 2253 752 2295 ie
766 2265 855 2308 pauvre
867 2270 914 2313 que

137 2315 159 2358 ie
169 2317 230 2359 riche
243 2317 269 2359 de
289 2318 337 2360 leur
356 2319 467 2361 servitude
481 2320 546 2373 qu'ils
567 2326 678 2363 nomment
692 2319 788 2374 empirc,
807 2320 837 2364 de
848 2323 915 2367 leurs

138 2378 366 2434 devastations,q11·its
380 2388 491 2422 nominent
499 2380 563 2435 pois.
578 2405 605 2413 -
614 2383 659 2424 dux
671 2382 759 2423 veincus
775 2380 793 2422 il
809 2395 840 2426 ne
850 2392 916 2430 reste

139 2451 176 2493 pas
183 2441 253 2482 meme
262 2441 289 2482 de
299 2441 381 2484 tumide
391 2455 397 2483 :
408 2441 440 2484 les
454 2442 557 2486 Romaius
566 2445 714 2495 asseruissent,
725 2442 811 2487 violent
820 2457 852 2488 ou
863 2459 917 2489 eors-

138 2508 245 2557 rompent,
255 2501 393 2558 de'pouilleut,
411 2504 524 2548 sccablent
537 2506 564 2548 de
574 2514 672 2556 trevaux,
689 2505 715 2548 de
727 2516 796 2560 coups
812 2513 836 2550 et
849 2507 917 2552 d'ou-

138 2569 223 2619 trages;
236 2569 258 2607 et
267 2577 291 2607 ce
300 2578 344 2620 que
356 2578 383 2608 ne
395 2565 505 2609 subissent
520 2579 559 2622 pas
572 2568 644 2611 meme
656 2567 688 2610 ies
704 2565 813 2619 esclaves,
828 2568 847 2611 11
866 2570 917 2613 suut

59 2700 60 2704 ’
137 2703 214 2739 servos
223 2695 371 2750 appellando.
391 2703 431 2739 etc.
443 2719 471 2731 -
484 2697 504 2740 1.
534 2697 600 2748 Mona,
628 2695 766 2752 aujourd'hui
785 2698 915 2759 dupiesey.

80 2770 82 2812 3
136 2755 217 2798 tutius
226 2757 369 2799 recessisset:
379 2769 404 2798 on
413 2759 504 2812 scitque
533 2759 649 2815 Comparez
660 2759 681 2801 ia
689 2758 719 2801 nn
732 2758 759 2801 de
768 2770 795 2801 ce
808 2761 916 2808 discours

136 2815 276 2872 Perpidition
303 2820 330 2862 de
360 2818 506 2863 tulos-Cisar
534 2833 585 2863 avec
598 2821 618 2863 ln
629 2820 754 2864 conclusion
766 2820 796 2864 de
814 2824 877 2870 celui
888 2827 916 2872 do

130 2877 222 2926 densis
240 2880 350 2939 Bretogne
370 2889 409 2926 eut
424 2894 469 2938 peu
481 2880 508 2926 de
533 2880 644 2925 iiueiauus
659 2881 742 2937 (11111111
759 2895 764 2923 :
787 2883 851 2929 Nam
873 2889 916 2946 qui

124 2945 214 2991 succes.
229 2971 256 2982 -
273 2948 298 2994 5.
314 2945 515 3002 institerimus
545 2943 850 2996 dettuereutnesctoesuvo.
