1904 3216
108 204 155 253 orl
412 197 575 248 onlrlohlls

107 319 233 373 vexillum,
244 316 366 379 phalerus,
380 315 425 364 alia
439 315 555 363 militaria
566 314 638 372 dona.
651 320 772 376 praeterea
783 315 882 365 cicatri-

108 405 148 441 ces
158 390 262 438 advorso
273 400 387 449 corpore.
397 387 438 435 llae
448 391 507 435 suut
516 400 578 434 meae
588 386 718 448 imagines,
728 386 781 435 haec
790 386 882 436 nohili-

108 468 155 519 tas,
168 474 217 509 non
235 459 375 509 hereditate
386 459 485 515 relicta,
497 463 525 506 ut
537 457 580 506 illa
591 456 651 514 illis,
663 458 705 505 sed
717 470 773 519 quae
782 464 883 518 egomet

108 531 226 595 plurimis
235 529 360 579 laboribus
368 536 394 576 et
401 527 519 590 perieulis
528 527 639 589 quaesivi.
653 527 882 590 lionsuntoompo-

109 603 156 651 sita
167 614 222 650 mea
232 600 318 655 rerha;
333 611 421 660 parum
433 597 458 644 io
473 597 536 646 laeio
550 596 613 660 (lllz
630 597 719 659 ipsese
731 598 810 646 virtus
820 597 882 647 satis

109 672 230 727 ostendit;
243 671 293 719 illis
304 668 411 717 artificio
423 682 484 730 opus
498 674 543 725 est,
554 673 584 716 ut
596 668 679 730 turpia
692 668 753 716 laeta
767 667 882 717 oratioue

108 748 202 805 tegant.
215 742 296 804 Neque
304 740 403 788 litteras
413 737 508 788 Graecas
517 739 606 798 didici;
617 752 706 803 parurn
719 739 831 801 placebat
839 753 882 788 eas

109 814 203 864 discere
223 812 282 876 (15),
297 810 389 873 quippe
405 824 461 873 quae
478 810 509 858 ad
522 810 639 860 virtutem
657 811 800 861 doctoribus
817 812 883 860 nihil

109 885 268 946 prosuerunt.
282 882 312 930 lt
318 880 363 930 illa
373 881 452 928 multo
461 886 561 943 optuma
567 881 711 943 reipuhlioae
717 881 804 930 doetus
814 896 880 938 sum,

108 955 203 1003 hostem
211 952 297 1008 ferire,
305 951 419 1013 praesidia
426 951 529 1013 agitare,
538 952 602 1000 nihil
609 958 719 1001 metuere
726 952 775 1000 nisi
783 959 882 1015 turpem

108 1026 206 1080 lamam,
214 1023 323 1072 hiemem
334 1028 359 1070 et
366 1029 476 1071 aestatem
485 1022 556 1084 juxta
566 1022 626 1084 pati,
636 1022 703 1070 humi
715 1022 880 1084 requiescere.

109 1095 195 1144 eodem
203 1100 314 1155 tempore
321 1092 429 1153 inopiam
437 1097 461 1140 et
466 1092 576 1141 lahorem
582 1092 697 1142 tolerare.
709 1092 751 1140 llis
759 1105 805 1153 ego
816 1106 879 1154 prae-

109 1164 186 1227 oeptis
192 1182 199 1222 3
210 1162 524 1224 militeshortahor,neque
536 1162 592 1210 illos
602 1168 669 1211 arcte
675 1162 764 1221 oolam,
773 1176 814 1212 me
820 1176 882 1224 opu-

109 1236 199 1289 lenter:
209 1248 290 1295 neque
296 1233 402 1294 gloriam
407 1244 496 1287 meam.
505 1232 616 1281 laborem
621 1232 722 1282 illorum
728 1232 825 1282 luciam.
832 1234 881 1284 lloc

109 1311 146 1356 est
159 1306 229 1359 utile,
245 1305 290 1352 hoe
302 1302 373 1350 civile
386 1302 520 1362 imperium
535 1301 596 1366 (16).
609 1303 720 1366 Namque
736 1317 813 1365 quom
827 1310 882 1354 tute

108 1389 154 1438 per
160 1374 290 1423 mollitiem
298 1386 363 1433 agas,
375 1371 511 1419 exercitum
518 1372 641 1434 supplicio
649 1386 746 1434 cogere,
756 1372 781 1422 id
791 1380 830 1422 est
835 1375 882 1424 do-

110 1445 215 1500 minum,
229 1456 278 1492 non
290 1443 465 1503 imperatorem
477 1454 540 1490 esse.
551 1442 607 1491 llaee
616 1448 692 1504 atque
700 1443 748 1492 alia
758 1442 816 1492 talia
825 1458 882 1494 rua-

106 1515 174 1576 jores
181 1515 255 1562 vostri
263 1511 381 1562 faciundo
388 1524 463 1572 seque
470 1524 575 1574 remque
582 1513 707 1576 publicam
714 1513 880 1563 celebravere.

109 1586 167 1642 Quis
177 1583 292 1633 nobilitas
300 1582 374 1638 freta,
384 1582 438 1644 ipsa
449 1581 579 1631 dissimilis
589 1582 709 1643 moribus,
722 1597 766 1632 nos
778 1584 882 1633 illorum

108 1655 211 1704 aemulos
222 1652 367 1710 contemnit,
378 1658 404 1701 et
414 1654 493 1702 omnis
502 1652 609 1702 honores
623 1666 674 1701 uon
685 1667 715 1703 ex
727 1654 824 1711 merito,
838 1655 882 1704 sed

109 1724 181 1787 quasi
191 1724 287 1773 dehitos
297 1722 388 1772 avohis
397 1723 497 1786 repetit.
511 1725 625 1774 Ceterum
634 1724 746 1773 homines
758 1724 883 1787 superbis-

109 1794 424 1857 3331333331333331117).
437 1793 539 1857 llajores
552 1808 639 1844 eorum
655 1795 747 1852 omnia,
756 1809 811 1858 quae
820 1796 882 1844 lice-

109 1865 161 1922 bat,
170 1866 220 1914 illis
227 1865 360 1926 reliquere,
366 1864 473 1921 divitias,
484 1864 613 1926 imagines,
620 1867 767 1914 memoriam
774 1868 882 1928 suipre*

110 1936 214 1993 elaram;
227 1935 346 1984 virtutem
357 1948 407 1984 uon
418 1935 554 1996 reliquere,
562 1950 641 1997 neque
650 1942 778 1997 poteraut;
792 1950 819 1986 ea
831 1936 882 1986 sola

110 2004 554 2067 nequedaturdononequeaeeipitur.
562 2005 741 2054 Sordidumme
748 2012 772 2054 et
781 2006 881 2056 iuoultls

111 2077 220 2125 moribus
230 2076 308 2130 aiunt,
316 2076 374 2138 quia
382 2077 537 2138 parumscite
545 2074 684 2124 convivium
691 2082 792 2132 exorno,
801 2090 881 2137 neque

110 2146 256 2197 histrionem
271 2147 359 2205 ullum,
372 2160 453 2208 neque
466 2147 547 2208 pluris
560 2149 625 2207 pren
641 2160 727 2196 cocum
739 2161 815 2208 quam
825 2147 882 2196 rili-

112 2305 165 2348 3331.
188 2304 219 2346 03
240 2309 292 2359 peut
315 2302 413 2345 truduire
433 2302 482 2344 :de
510 2302 598 2345 dement
610 2304 639 2345 tel
651 2304 704 2360 qu'il
717 2304 881 2349 couvieutluu

111 2365 182 2410 bonne
199 2366 236 2408 131.
253 2389 281 2397 -
297 2366 331 2408 ll.
352 2365 440 2408 Porum
456 2364 482 2407 id
509 2366 595 2420 citoyen
619 2366 645 2408 de
665 2367 766 2409 l'exeroer
786 2378 826 2409 sur
847 2379 882 2411 ses

112 2429 181 2488 (ario,
194 2428 267 2472 3.-3-(1,
276 2440 364 2483 porum
372 2438 481 2483 compono
509 2429 655 2482 concitoyeus.
683 2427 791 2471 rue-live
816 2429 882 2473 dero-

112 2506 140 2537 ou
151 2503 208 2534 orno
219 2489 289 2532 verba
297 2502 355 2531 mea.
369 2488 481 2531 1333333-
509 2488 799 2542 toppe1·1deedeoivilisen
809 2490 881 2533 disant

112 2556 165 2598 serit
183 2552 212 2594 du
230 2552 383 2605 grammairieu
399 2551 480 2595 Nonius
510 2550 572 2605 (xlv,
588 2552 624 2594 eh.
639 2553 672 2606 52)
692 2567 697 2593 :
720 2552 785 2594 Nulli
803 2552 882 2596 civilis

112 2615 225 2658 llarcollus
244 2614 330 2666 portali,
353 2613 364 2655 1
385 2625 410 2656 33
428 2615 481 2669 qu'il
508 2612 691 2669 animalemque
712 2614 787 2670 lequm
808 2627 882 2670 neque

112 2677 189 2733 paruit,
198 2675 218 2716 la
227 2674 289 2727 leqou
295 2674 368 2730 parui
376 2674 401 2718 id
409 2676 480 2730 facio.
511 2676 627 2719 libertatis
642 2687 712 2731 aequae
730 2676 834 2731 potiens.
854 2699 882 2708 —

112 2761 139 2770 -
159 2739 193 2781 15.
208 2737 296 2780 Porum
315 2736 424 2790 plorebat
445 2750 484 2782 eos
511 2739 543 2782 11.
557 2738 642 2782 Procul
658 2739 742 2782 errant
753 2750 810 2794 pour
821 2738 881 2782 mul·

112 2799 217 2850 discere:
236 2811 300 2855 noyez
317 2799 336 2842 la
355 2799 392 2842 Via
404 2800 430 2841 de
441 2798 484 2842 lla-
511 2802 560 2841 tum
572 2799 693 2853 aberrant.
706 2800 737 2842 03
753 2813 765 2840 3
780 2800 881 2855 compari

112 2864 160 2906 rius
177 2873 217 2915 par
237 2860 365 2916 Plutarquo.
378 2862 413 2903 ch.
426 2861 483 2904 2.-
510 2863 522 2904 3
536 2869 592 2906 cette
611 2863 706 2906 locution
724 2864 744 2904 13
757 2864 836 2917 phrase
853 2862 882 2906 do

102 2924 137 2967 16,
148 2922 224 2967 Crar'le
233 2922 484 2981 impertummommuu·
510 2923 607 2970 Tereum
623 2937 633 2971 ·.
648 2925 704 2968 'loto
717 2937 784 2968 erres
796 2924 843 2969 vio.
854 2947 881 2956 -
