<?xml version="1.0" encoding="UTF-8"?>
<!DOCTYPE html PUBLIC "-//W3C//DTD XHTML 1.0 Transitional//EN"
    "http://www.w3.org/TR/xhtml1/DTD/xhtml1-transitional.dtd">
<html xmlns="http://www.w3.org/1999/xhtml" xml:lang="en" lang="en">
 <head>
  <title>
</title>
<meta http-equiv="Content-Type" content="text/html;charset=utf-8" />
  <meta name='ocr-system' content='tesseract 3.04.00' />
  <meta name='ocr-capabilities' content='ocr_page ocr_carea ocr_par ocr_line ocrx_word'/>
</head>
<body>
  <div class='ocr_page' id='page_1' title='image "./concionessiveor00unkngoog_0322.png"; bbox 0 0 1904 3216; ppageno 0'>
   <div class='ocr_carea' id='block_1_1' title="bbox 13 40 933 113">
    <p class='ocr_par' dir='ltr' id='par_1_1' title="bbox 13 40 933 113">
     <span class='ocr_line' id='line_1_1' title="bbox 13 40 933 93; baseline -0.001 -15"><span class='ocrx_word' id='word_1_1' title='bbox 13 40 41 67; x_wconf 83' lang='lat'>···</span> <span class='ocrx_word' id='word_1_2' title='bbox 56 40 63 55; x_wconf 94' lang='lat'>··</span> <span class='ocrx_word' id='word_1_3' title='bbox 84 40 88 43; x_wconf 95' lang='lat'>·</span> <span class='ocrx_word' id='word_1_4' title='bbox 190 42 201 77; x_wconf 89' lang='lat'>·.·</span> <span class='ocrx_word' id='word_1_5' title='bbox 215 44 226 57; x_wconf 94' lang='lat'>··</span> <span class='ocrx_word' id='word_1_6' title='bbox 238 40 802 93; x_wconf 49' lang='lat' dir='ltr'>wemwmwn</span> <span class='ocrx_word' id='word_1_7' title='bbox 814 40 838 65; x_wconf 91' lang='lat'>··-·</span> <span class='ocrx_word' id='word_1_8' title='bbox 852 40 933 77; x_wconf 58' lang='lat' dir='ltr'>r·····-·r</span> 
     </span>
     <span class='ocr_line' id='line_1_2' title="bbox 326 76 789 113; baseline -0.022 -4"><span class='ocrx_word' id='word_1_9' title='bbox 326 92 329 97; x_wconf 92' lang='lat'>·</span> <span class='ocrx_word' id='word_1_10' title='bbox 374 80 397 113; x_wconf 69' lang='grc' dir='ltr'>ι’</span> <span class='ocrx_word' id='word_1_11' title='bbox 579 76 653 105; x_wconf 86' lang='lat'>··¹.&#39;:&#39;-</span> <span class='ocrx_word' id='word_1_12' title='bbox 784 91 789 99; x_wconf 80' lang='grc'><em>.</em></span> 
     </span>
    </p>
   </div>
   <div class='ocr_carea' id='block_1_2' title="bbox 289 180 830 233">
    <p class='ocr_par' dir='ltr' id='par_1_2' title="bbox 289 180 830 233">
     <span class='ocr_line' id='line_1_3' title="bbox 289 180 830 233; baseline 0.004 -3"><span class='ocrx_word' id='word_1_13' title='bbox 289 181 327 230; x_wconf 79' lang='lat' dir='ltr'>lx</span> <span class='ocrx_word' id='word_1_14' title='bbox 342 181 410 231; x_wconf 83' lang='lat' dir='ltr'>llvll</span> <span class='ocrx_word' id='word_1_15' title='bbox 431 180 520 233; x_wconf 73' lang='lat' dir='ltr'>clauo</span> <span class='ocrx_word' id='word_1_16' title='bbox 535 180 593 233; x_wconf 85' lang='lat' dir='ltr'>xll.</span> <span class='ocrx_word' id='word_1_17' title='bbox 782 181 830 232; x_wconf 75' lang='lat' dir='ltr'>olo</span> 
     </span>
    </p>
   </div>
   <div class='ocr_carea' id='block_1_3' title="bbox 55 297 933 2334">
    <p class='ocr_par' dir='ltr' id='par_1_3' title="bbox 56 297 831 643">
     <span class='ocr_line' id='line_1_4' title="bbox 57 297 831 361; baseline -0.004 -10"><span class='ocrx_word' id='word_1_18' title='bbox 57 298 207 354; x_wconf 71' lang='lat' dir='ltr'>lacedones.</span> <span class='ocrx_word' id='word_1_19' title='bbox 224 297 285 361; x_wconf 91' lang='lat' dir='ltr'>quid</span> <span class='ocrx_word' id='word_1_20' title='bbox 298 297 406 360; x_wconf 81' lang='lat' dir='ltr'>cogitent</span> <span class='ocrx_word' id='word_1_21' title='bbox 424 297 537 348; x_wconf 84' lang='lat' dir='ltr'>Romani.</span> <span class='ocrx_word' id='word_1_22' title='bbox 552 298 601 348; x_wconf 85' lang='lat' dir='ltr'>llos</span> <span class='ocrx_word' id='word_1_23' title='bbox 613 303 706 357; x_wconf 82' lang='lat' dir='ltr'>autem,</span> <span class='ocrx_word' id='word_1_24' title='bbox 722 312 767 361; x_wconf 81' lang='lat' dir='ltr'>qur</span> <span class='ocrx_word' id='word_1_25' title='bbox 783 312 831 350; x_wconf 89' lang='lat' dir='ltr'>nec</span> 
     </span>
     <span class='ocr_line' id='line_1_5' title="bbox 57 368 830 433; baseline -0.004 -12"><span class='ocrx_word' id='word_1_26' title='bbox 57 371 89 421; x_wconf 93' lang='lat' dir='ltr'>ob</span> <span class='ocrx_word' id='word_1_27' title='bbox 100 384 176 433; x_wconf 88' lang='lat' dir='ltr'>quam</span> <span class='ocrx_word' id='word_1_28' title='bbox 185 381 294 425; x_wconf 82' lang='lat' dir='ltr'>causam,</span> <span class='ocrx_word' id='word_1_29' title='bbox 305 383 350 418; x_wconf 89' lang='lat' dir='ltr'>nec</span> <span class='ocrx_word' id='word_1_30' title='bbox 359 369 567 431; x_wconf 79' lang='lat' dir='ltr'>quemadmodum</span> <span class='ocrx_word' id='word_1_31' title='bbox 574 368 679 431; x_wconf 85' lang='lat' dir='ltr'>perierit</span> <span class='ocrx_word' id='word_1_32' title='bbox 687 369 830 418; x_wconf 81' lang='lat' dir='ltr'>Demetrius</span> 
     </span>
     <span class='ocr_line' id='line_1_6' title="bbox 56 437 830 501; baseline -0.003 -11"><span class='ocrx_word' id='word_1_33' title='bbox 56 440 166 495; x_wconf 60' lang='lat' dir='ltr'>selmum</span> <span class='ocrx_word' id='word_1_34' title='bbox 178 451 225 487; x_wconf 89' lang='lat' dir='ltr'>nec</span> <span class='ocrx_word' id='word_1_35' title='bbox 237 437 299 501; x_wconf 89' lang='lat' dir='ltr'>quid</span> <span class='ocrx_word' id='word_1_36' title='bbox 310 437 449 501; x_wconf 84' lang='lat' dir='ltr'>Philippus,</span> <span class='ocrx_word' id='word_1_37' title='bbox 461 438 484 488; x_wconf 88' lang='lat' dir='ltr'>si</span> <span class='ocrx_word' id='word_1_38' title='bbox 495 437 606 494; x_wconf 83' lang='lat' dir='ltr'>vixisset,</span> <span class='ocrx_word' id='word_1_39' title='bbox 620 439 732 487; x_wconf 83' lang='lat' dir='ltr'>facturus</span> <span class='ocrx_word' id='word_1_40' title='bbox 742 439 830 497; x_wconf 85' lang='lat' dir='ltr'>luerit,</span> 
     </span>
     <span class='ocr_line' id='line_1_7' title="bbox 57 508 829 572; baseline 0 -13"><span class='ocrx_word' id='word_1_41' title='bbox 57 511 88 559; x_wconf 89' lang='lat' dir='ltr'>ad</span> <span class='ocrx_word' id='word_1_42' title='bbox 100 511 163 567; x_wconf 83' lang='lat' dir='ltr'>haec,</span> <span class='ocrx_word' id='word_1_43' title='bbox 176 522 230 572; x_wconf 81' lang='lat' dir='ltr'>que</span> <span class='ocrx_word' id='word_1_44' title='bbox 242 508 322 570; x_wconf 90' lang='lat' dir='ltr'>palam</span> <span class='ocrx_word' id='word_1_45' title='bbox 334 515 465 569; x_wconf 80' lang='lat' dir='ltr'>geruntur,</span> <span class='ocrx_word' id='word_1_46' title='bbox 474 508 577 557; x_wconf 88' lang='lat' dir='ltr'>consilia</span> <span class='ocrx_word' id='word_1_47' title='bbox 589 515 675 557; x_wconf 88' lang='lat' dir='ltr'>nostra</span> <span class='ocrx_word' id='word_1_48' title='bbox 686 522 829 559; x_wconf 88' lang='lat' dir='ltr'>accommo-</span> 
     </span>
     <span class='ocr_line' id='line_1_8' title="bbox 57 581 235 643; baseline -0.017 -13"><span class='ocrx_word' id='word_1_49' title='bbox 57 581 117 630; x_wconf 88' lang='lat' dir='ltr'>dare</span> <span class='ocrx_word' id='word_1_50' title='bbox 128 586 235 643; x_wconf 83' lang='lat' dir='ltr'><strong>oportet.</strong></span> 
     </span>
    </p>

    <p class='ocr_par' dir='ltr' id='par_1_4' title="bbox 55 649 933 1557">
     <span class='ocr_line' id='line_1_9' title="bbox 87 649 933 721; baseline 0.001 -21"><span class='ocrx_word' id='word_1_51' title='bbox 87 653 120 700; x_wconf 76' lang='lat' dir='ltr'>Ac</span> <span class='ocrx_word' id='word_1_52' title='bbox 131 650 225 700; x_wconf 90' lang='lat' dir='ltr'>scimus</span> <span class='ocrx_word' id='word_1_53' title='bbox 240 650 338 707; x_wconf 86' lang='lat' dir='ltr'>Persea,</span> <span class='ocrx_word' id='word_1_54' title='bbox 350 663 429 712; x_wconf 71' lang='lat' dir='ltr'>regno</span> <span class='ocrx_word' id='word_1_55' title='bbox 438 656 548 714; x_wconf 83' lang='lat' dir='ltr'>accepto,</span> <span class='ocrx_word' id='word_1_56' title='bbox 560 651 655 711; x_wconf 77' lang='lat' dir='ltr'>legatos</span> <span class='ocrx_word' id='word_1_57' title='bbox 671 649 774 701; x_wconf 78' lang='lat' dir='ltr'>Romam</span> <span class='ocrx_word' id='word_1_58' title='bbox 784 649 833 701; x_wconf 84' lang='lat' dir='ltr'>mi-</span> <span class='ocrx_word' id='word_1_59' title='bbox 924 708 933 721; x_wconf 71' lang='lat'><em>„</em></span> 
     </span>
     <span class='ocr_line' id='line_1_10' title="bbox 56 719 933 784; baseline 0 -13"><span class='ocrx_word' id='word_1_60' title='bbox 56 721 129 779; x_wconf 80' lang='lat' dir='ltr'>sisse,</span> <span class='ocrx_word' id='word_1_61' title='bbox 140 733 170 770; x_wconf 90' lang='lat' dir='ltr'>ac</span> <span class='ocrx_word' id='word_1_62' title='bbox 180 732 267 782; x_wconf 82' lang='lat' dir='ltr'>regem</span> <span class='ocrx_word' id='word_1_63' title='bbox 277 733 292 769; x_wconf 86' lang='lat' dir='ltr'>a</span> <span class='ocrx_word' id='word_1_64' title='bbox 303 719 394 783; x_wconf 92' lang='lat' dir='ltr'>populo</span> <span class='ocrx_word' id='word_1_65' title='bbox 406 719 514 770; x_wconf 82' lang='lat' dir='ltr'>Romano</span> <span class='ocrx_word' id='word_1_66' title='bbox 535 720 687 784; x_wconf 86' lang='lat' dir='ltr'>appellatum</span> <span class='ocrx_word' id='word_1_67' title='bbox 695 735 703 769; x_wconf 72' lang='lat' dir='ltr'><em>z</em></span> <span class='ocrx_word' id='word_1_68' title='bbox 712 719 833 771; x_wconf 79' lang='lat' dir='ltr'>audimus</span> <span class='ocrx_word' id='word_1_69' title='bbox 921 722 933 753; x_wconf 87' lang='lat'>&#39;·</span> 
     </span>
     <span class='ocr_line' id='line_1_11' title="bbox 56 789 933 855; baseline 0.003 -14"><span class='ocrx_word' id='word_1_70' title='bbox 56 791 150 855; x_wconf 79' lang='lat' dir='ltr'>legatos</span> <span class='ocrx_word' id='word_1_71' title='bbox 156 790 280 841; x_wconf 82' lang='lat' dir='ltr'>Romanos</span> <span class='ocrx_word' id='word_1_72' title='bbox 295 790 393 840; x_wconf 83' lang='lat' dir='ltr'>venisse</span> <span class='ocrx_word' id='word_1_73' title='bbox 410 789 442 840; x_wconf 83' lang='lat' dir='ltr'>ad</span> <span class='ocrx_word' id='word_1_74' title='bbox 452 802 548 852; x_wconf 76' lang='lat' dir='ltr'>regem,</span> <span class='ocrx_word' id='word_1_75' title='bbox 564 796 588 840; x_wconf 89' lang='lat' dir='ltr'>et</span> <span class='ocrx_word' id='word_1_76' title='bbox 600 804 642 841; x_wconf 86' lang='lat' dir='ltr'>eos</span> <span class='ocrx_word' id='word_1_77' title='bbox 660 790 771 854; x_wconf 72' lang='lat' dir='ltr'>benigm</span> <span class='ocrx_word' id='word_1_78' title='bbox 789 804 832 841; x_wconf 83' lang='lat' dir='ltr'>ex-</span> <span class='ocrx_word' id='word_1_79' title='bbox 918 792 933 845; x_wconf 66' lang='lat' dir='ltr'>&#39;l</span> 
     </span>
     <span class='ocr_line' id='line_1_12' title="bbox 57 859 933 925; baseline -0.001 -13"><span class='ocrx_word' id='word_1_80' title='bbox 57 868 151 925; x_wconf 83' lang='lat' dir='ltr'>reptos</span> <span class='ocrx_word' id='word_1_81' title='bbox 161 861 218 911; x_wconf 81' lang='lat' dir='ltr'>llaec</span> <span class='ocrx_word' id='word_1_82' title='bbox 228 859 311 910; x_wconf 89' lang='lat' dir='ltr'>omnia</span> <span class='ocrx_word' id='word_1_83' title='bbox 324 860 516 924; x_wconf 87' lang='lat' dir='ltr'>pacisequidem</span> <span class='ocrx_word' id='word_1_84' title='bbox 528 861 600 923; x_wconf 84' lang='lat' dir='ltr'>signa</span> <span class='ocrx_word' id='word_1_85' title='bbox 611 874 666 911; x_wconf 91' lang='lat' dir='ltr'>esse</span> <span class='ocrx_word' id='word_1_86' title='bbox 674 860 770 923; x_wconf 83' lang='lat' dir='ltr'>judico.</span> <span class='ocrx_word' id='word_1_87' title='bbox 778 874 831 911; x_wconf 88' lang='lat' dir='ltr'>non</span> <span class='ocrx_word' id='word_1_88' title='bbox 898 872 902 881; x_wconf 93' lang='grc'><strong><em>·</em></strong></span> <span class='ocrx_word' id='word_1_89' title='bbox 923 862 933 917; x_wconf 71' lang='lat'>⁷„</span> 
     </span>
     <span class='ocr_line' id='line_1_13' title="bbox 55 930 830 995; baseline -0.001 -11"><span class='ocrx_word' id='word_1_90' title='bbox 55 931 131 984; x_wconf 89' lang='lat' dir='ltr'>belli:</span> <span class='ocrx_word' id='word_1_91' title='bbox 144 944 191 982; x_wconf 90' lang='lat' dir='ltr'>neo</span> <span class='ocrx_word' id='word_1_92' title='bbox 199 931 322 980; x_wconf 80' lang='lat' dir='ltr'>Romanos</span> <span class='ocrx_word' id='word_1_93' title='bbox 332 930 425 981; x_wconf 81' lang='lat' dir='ltr'>aliendi</span> <span class='ocrx_word' id='word_1_94' title='bbox 435 944 517 994; x_wconf 87' lang='lat' dir='ltr'>posse,</span> <span class='ocrx_word' id='word_1_95' title='bbox 530 931 562 989; x_wconf 87' lang='lat' dir='ltr'>si,</span> <span class='ocrx_word' id='word_1_96' title='bbox 571 932 701 982; x_wconf 78' lang='lat' dir='ltr'>nobellum</span> <span class='ocrx_word' id='word_1_97' title='bbox 712 939 830 995; x_wconf 76' lang='lat' dir='ltr'>gerentes</span> 
     </span>
     <span class='ocr_line' id='line_1_14' title="bbox 57 1001 830 1065; baseline -0.003 -10"><span class='ocrx_word' id='word_1_98' title='bbox 57 1017 101 1055; x_wconf 84' lang='lat' dir='ltr'>eos</span> <span class='ocrx_word' id='word_1_99' title='bbox 111 1002 299 1059; x_wconf 70' lang='lat' dir='ltr'>securisumus,</span> <span class='ocrx_word' id='word_1_100' title='bbox 317 1015 386 1053; x_wconf 89' lang='lat' dir='ltr'>nuuc</span> <span class='ocrx_word' id='word_1_101' title='bbox 405 1014 505 1065; x_wconf 86' lang='lat' dir='ltr'>quoque</span> <span class='ocrx_word' id='word_1_102' title='bbox 524 1001 593 1065; x_wconf 84' lang='lat' dir='ltr'>paois</span> <span class='ocrx_word' id='word_1_103' title='bbox 608 1009 724 1053; x_wconf 80' lang='lat' dir='ltr'>auctores</span> <span class='ocrx_word' id='word_1_104' title='bbox 740 1016 830 1065; x_wconf 64' lang='lat' dir='ltr'>seque</span> 
     </span>
     <span class='ocr_line' id='line_1_15' title="bbox 56 1070 831 1135; baseline -0.001 -11"><span class='ocrx_word' id='word_1_105' title='bbox 56 1086 124 1124; x_wconf 88' lang='lat' dir='ltr'>mur.</span> <span class='ocrx_word' id='word_1_106' title='bbox 135 1072 185 1122; x_wconf 81' lang='lat' dir='ltr'>Cur</span> <span class='ocrx_word' id='word_1_107' title='bbox 196 1070 298 1135; x_wconf 90' lang='lat' dir='ltr'>quidem</span> <span class='ocrx_word' id='word_1_108' title='bbox 311 1084 357 1120; x_wconf 88' lang='lat' dir='ltr'>nos</span> <span class='ocrx_word' id='word_1_109' title='bbox 375 1070 524 1135; x_wconf 79' lang='lat' dir='ltr'>inexpiabile</span> <span class='ocrx_word' id='word_1_110' title='bbox 543 1071 656 1122; x_wconf 85' lang='lat' dir='ltr'>omniurn</span> <span class='ocrx_word' id='word_1_111' title='bbox 672 1072 718 1122; x_wconf 88' lang='lat' dir='ltr'>soli</span> <span class='ocrx_word' id='word_1_112' title='bbox 735 1073 831 1123; x_wconf 89' lang='lat' dir='ltr'>bellum</span> 
     </span>
     <span class='ocr_line' id='line_1_16' title="bbox 58 1140 928 1206; baseline -0.002 -11"><span class='ocrx_word' id='word_1_113' title='bbox 58 1144 177 1196; x_wconf 81' lang='lat' dir='ltr'>adversus</span> <span class='ocrx_word' id='word_1_114' title='bbox 192 1155 300 1205; x_wconf 73' lang='lat' dir='ltr'>regnum</span> <span class='ocrx_word' id='word_1_115' title='bbox 310 1140 469 1191; x_wconf 82' lang='lat' dir='ltr'>llaocdonum</span> <span class='ocrx_word' id='word_1_116' title='bbox 480 1154 606 1204; x_wconf 69' lang='lat' dir='ltr'>emamus,</span> <span class='ocrx_word' id='word_1_117' title='bbox 618 1155 670 1191; x_wconf 90' lang='lat' dir='ltr'>non</span> <span class='ocrx_word' id='word_1_118' title='bbox 683 1142 763 1193; x_wconf 82' lang='lat' dir='ltr'>rideo.</span> <span class='ocrx_word' id='word_1_119' title='bbox 781 1143 830 1206; x_wconf 86' lang='lat' dir='ltr'>Op-</span> <span class='ocrx_word' id='word_1_120' title='bbox 924 1166 928 1171; x_wconf 96' lang='lat'>·</span> 
     </span>
     <span class='ocr_line' id='line_1_17' title="bbox 56 1210 927 1278; baseline -0.002 -15"><span class='ocrx_word' id='word_1_121' title='bbox 56 1212 158 1278; x_wconf 88' lang='lat' dir='ltr'>portuui</span> <span class='ocrx_word' id='word_1_122' title='bbox 177 1210 363 1275; x_wconf 70' lang='lat' dir='ltr'><strong>propinquitate</strong></span> <span class='ocrx_word' id='word_1_123' title='bbox 383 1211 438 1273; x_wconf 90' lang='lat' dir='ltr'>ipsa</span> <span class='ocrx_word' id='word_1_124' title='bbox 455 1210 602 1262; x_wconf 78' lang='lat' dir='ltr'>llecedonin</span> <span class='ocrx_word' id='word_1_125' title='bbox 619 1211 725 1263; x_wconf 76' lang='lat' dir='ltr'>sumus?</span> <span class='ocrx_word' id='word_1_126' title='bbox 743 1226 775 1262; x_wconf 89' lang='lat' dir='ltr'>an</span> <span class='ocrx_word' id='word_1_127' title='bbox 792 1214 832 1262; x_wconf 89' lang='lat' dir='ltr'>iu-</span> <span class='ocrx_word' id='word_1_128' title='bbox 924 1224 927 1235; x_wconf 92' lang='lat'>·</span> 
     </span>
     <span class='ocr_line' id='line_1_18' title="bbox 57 1281 832 1346; baseline 0.001 -14"><span class='ocrx_word' id='word_1_129' title='bbox 57 1283 196 1336; x_wconf 78' lang='lat' dir='ltr'>firmissimi</span> <span class='ocrx_word' id='word_1_130' title='bbox 205 1281 325 1339; x_wconf 83' lang='lat' dir='ltr'>omnium,</span> <span class='ocrx_word' id='word_1_131' title='bbox 334 1288 459 1345; x_wconf 80' lang='lat' dir='ltr'>tanquam.</span> <span class='ocrx_word' id='word_1_132' title='bbox 470 1295 533 1345; x_wconf 86' lang='lat' dir='ltr'>quos</span> <span class='ocrx_word' id='word_1_133' title='bbox 540 1295 623 1346; x_wconf 88' lang='lat' dir='ltr'>nuper</span> <span class='ocrx_word' id='word_1_134' title='bbox 629 1281 746 1346; x_wconf 83' lang='lat' dir='ltr'>subjecit,</span> <span class='ocrx_word' id='word_1_135' title='bbox 760 1283 832 1333; x_wconf 87' lang='lat' dir='ltr'><strong>Dolo·</strong></span> 
     </span>
     <span class='ocr_line' id='line_1_19' title="bbox 57 1352 832 1420; baseline 0 -17"><span class='ocrx_word' id='word_1_136' title='bbox 57 1355 117 1420; x_wconf 78' lang='lat' dir='ltr'>pes?</span> <span class='ocrx_word' id='word_1_137' title='bbox 128 1355 181 1404; x_wconf 89' lang='lat' dir='ltr'>lma</span> <span class='ocrx_word' id='word_1_138' title='bbox 200 1359 336 1410; x_wconf 75' lang='lat' dir='ltr'>cauliaca,</span> <span class='ocrx_word' id='word_1_139' title='bbox 348 1354 388 1403; x_wconf 84' lang='lat' dir='ltr'>vel</span> <span class='ocrx_word' id='word_1_140' title='bbox 403 1352 497 1403; x_wconf 84' lang='lat' dir='ltr'>viribus</span> <span class='ocrx_word' id='word_1_141' title='bbox 512 1352 615 1410; x_wconf 89' lang='lat' dir='ltr'>nostris,</span> <span class='ocrx_word' id='word_1_142' title='bbox 628 1352 702 1403; x_wconf 89' lang='lat' dir='ltr'>dedm</span> <span class='ocrx_word' id='word_1_143' title='bbox 713 1352 832 1416; x_wconf 81' lang='lat' dir='ltr'>benigni-</span> 
     </span>
     <span class='ocr_line' id='line_1_20' title="bbox 57 1424 831 1488; baseline -0.003 -11"><span class='ocrx_word' id='word_1_144' title='bbox 57 1434 116 1481; x_wconf 82' lang='lat' dir='ltr'>tnte.</span> <span class='ocrx_word' id='word_1_145' title='bbox 126 1427 164 1475; x_wconf 81' lang='lat' dir='ltr'>vel</span> <span class='ocrx_word' id='word_1_146' title='bbox 173 1424 284 1488; x_wconf 80' lang='lat' dir='ltr'>regionis</span> <span class='ocrx_word' id='word_1_147' title='bbox 290 1425 421 1475; x_wconf 82' lang='lat' dir='ltr'>intervallo</span> <span class='ocrx_word' id='word_1_148' title='bbox 430 1425 486 1475; x_wconf 81' lang='lat' dir='ltr'>tuli.</span> <span class='ocrx_word' id='word_1_149' title='bbox 496 1424 544 1476; x_wconf 87' lang='lat' dir='ltr'>Sed</span> <span class='ocrx_word' id='word_1_150' title='bbox 552 1425 631 1476; x_wconf 89' lang='lat' dir='ltr'>simus</span> <span class='ocrx_word' id='word_1_151' title='bbox 640 1437 711 1488; x_wconf 70' lang='lat' dir='ltr'>eque</span> <span class='ocrx_word' id='word_1_152' title='bbox 724 1424 831 1488; x_wconf 78' lang='lat' dir='ltr'>subjecti</span> 
     </span>
     <span class='ocr_line' id='line_1_21' title="bbox 58 1493 832 1557; baseline -0.003 -10"><span class='ocrx_word' id='word_1_153' title='bbox 58 1511 87 1548; x_wconf 85' lang='lat' dir='ltr'>ac</span> <span class='ocrx_word' id='word_1_154' title='bbox 101 1495 208 1547; x_wconf 78' lang='lat' dir='ltr'>Thessali</span> <span class='ocrx_word' id='word_1_155' title='bbox 220 1493 354 1557; x_wconf 77' lang='lat' dir='ltr'>AEtolique:</span> <span class='ocrx_word' id='word_1_156' title='bbox 367 1493 448 1545; x_wconf 89' lang='lat' dir='ltr'>nihilo</span> <span class='ocrx_word' id='word_1_157' title='bbox 463 1495 521 1557; x_wconf 88' lang='lat' dir='ltr'>plus</span> <span class='ocrx_word' id='word_1_158' title='bbox 533 1494 568 1557; x_wconf 76' lang='lat'>(2)</span> <span class='ocrx_word' id='word_1_159' title='bbox 581 1493 640 1544; x_wconf 84' lang='lat' dir='ltr'>lidei</span> <span class='ocrx_word' id='word_1_160' title='bbox 662 1493 832 1545; x_wconf 76' lang='lat' dir='ltr'>auctoritatis-</span> 
     </span>
    </p>

    <p class='ocr_par' dir='ltr' id='par_1_5' title="bbox 55 1563 833 2334">
     <span class='ocr_line' id='line_1_22' title="bbox 55 1563 831 1632; baseline 0.001 -16"><span class='ocrx_word' id='word_1_161' title='bbox 55 1581 108 1632; x_wconf 49' lang='lat' dir='ltr'>‚que</span> <span class='ocrx_word' id='word_1_162' title='bbox 116 1567 237 1616; x_wconf 86' lang='lat' dir='ltr'>babemus</span> <span class='ocrx_word' id='word_1_163' title='bbox 245 1563 364 1614; x_wconf 83' lang='lat' dir='ltr'>adversus</span> <span class='ocrx_word' id='word_1_164' title='bbox 374 1564 504 1623; x_wconf 81' lang='lat' dir='ltr'>Romanos,</span> <span class='ocrx_word' id='word_1_165' title='bbox 518 1565 561 1627; x_wconf 90' lang='lat' dir='ltr'>qui</span> <span class='ocrx_word' id='word_1_166' title='bbox 574 1577 672 1629; x_wconf 86' lang='lat' dir='ltr'>semper</span> <span class='ocrx_word' id='word_1_167' title='bbox 683 1564 744 1615; x_wconf 83' lang='lat' dir='ltr'>aom&#39;i</span> <span class='ocrx_word' id='word_1_168' title='bbox 753 1572 831 1630; x_wconf 79' lang='lat' dir='ltr'>atque</span> 
     </span>
     <span class='ocr_line' id='line_1_23' title="bbox 58 1635 831 1699; baseline -0.001 -10"><span class='ocrx_word' id='word_1_169' title='bbox 58 1638 134 1691; x_wconf 82' lang='lat' dir='ltr'>amici</span> <span class='ocrx_word' id='word_1_170' title='bbox 144 1637 247 1694; x_wconf 83' lang='lat' dir='ltr'>fuimus,</span> <span class='ocrx_word' id='word_1_171' title='bbox 268 1648 342 1699; x_wconf 81' lang='lat' dir='ltr'>quam</span> <span class='ocrx_word' id='word_1_172' title='bbox 356 1635 435 1690; x_wconf 80' lang='lat' dir='ltr'>AEloli.</span> <span class='ocrx_word' id='word_1_173' title='bbox 449 1635 492 1699; x_wconf 88' lang='lat' dir='ltr'>qui</span> <span class='ocrx_word' id='word_1_174' title='bbox 503 1635 586 1698; x_wconf 88' lang='lat' dir='ltr'>paullo</span> <span class='ocrx_word' id='word_1_175' title='bbox 598 1641 656 1685; x_wconf 81' lang='lat' dir='ltr'>ante</span> <span class='ocrx_word' id='word_1_176' title='bbox 674 1637 760 1687; x_wconf 83' lang='lat' dir='ltr'>hostes</span> <span class='ocrx_word' id='word_1_177' title='bbox 776 1636 831 1688; x_wconf 79' lang='lat' dir='ltr'>fue·</span> 
     </span>
     <span class='ocr_line' id='line_1_24' title="bbox 58 1704 833 1769; baseline -0.003 -10"><span class='ocrx_word' id='word_1_178' title='bbox 58 1707 137 1759; x_wconf 77' lang='lat' dir='ltr'>rum?</span> <span class='ocrx_word' id='word_1_179' title='bbox 149 1707 219 1766; x_wconf 80' lang='lat' dir='ltr'>Quod</span> <span class='ocrx_word' id='word_1_180' title='bbox 232 1705 326 1762; x_wconf 80' lang='lat' dir='ltr'>AEtolis,</span> <span class='ocrx_word' id='word_1_181' title='bbox 337 1706 403 1769; x_wconf 88' lang='lat' dir='ltr'>quod</span> <span class='ocrx_word' id='word_1_182' title='bbox 414 1706 542 1763; x_wconf 79' lang='lat' dir='ltr'>Thessalis,</span> <span class='ocrx_word' id='word_1_183' title='bbox 555 1706 621 1768; x_wconf 87' lang='lat' dir='ltr'>quod</span> <span class='ocrx_word' id='word_1_184' title='bbox 630 1705 747 1769; x_wconf 73' lang='lat' dir='ltr'>Epirotis,</span> <span class='ocrx_word' id='word_1_185' title='bbox 761 1704 833 1757; x_wconf 88' lang='lat' dir='ltr'>omni</span> 
     </span>
     <span class='ocr_line' id='line_1_25' title="bbox 59 1776 832 1842; baseline -0.003 -13"><span class='ocrx_word' id='word_1_186' title='bbox 59 1777 261 1842; x_wconf 80' lang='lat' dir='ltr'>deniquedaeciae</span> <span class='ocrx_word' id='word_1_187' title='bbox 280 1788 338 1825; x_wconf 91' lang='lat' dir='ltr'>cum</span> <span class='ocrx_word' id='word_1_188' title='bbox 352 1776 522 1827; x_wconf 70' lang='lat' dir='ltr'>Macedonibus</span> <span class='ocrx_word' id='word_1_189' title='bbox 530 1777 597 1840; x_wconf 82' lang='lat' dir='ltr'>J&#39;uris</span> <span class='ocrx_word' id='word_1_190' title='bbox 611 1785 657 1833; x_wconf 82' lang='lat' dir='ltr'>esl,</span> <span class='ocrx_word' id='word_1_191' title='bbox 669 1777 737 1826; x_wconf 91' lang='lat' dir='ltr'>idem</span> <span class='ocrx_word' id='word_1_192' title='bbox 753 1783 779 1828; x_wconf 78' lang='lat' dir='ltr'>et</span> <span class='ocrx_word' id='word_1_193' title='bbox 788 1790 832 1827; x_wconf 92' lang='lat' dir='ltr'>no·</span> 
     </span>
     <span class='ocr_line' id='line_1_26' title="bbox 59 1845 832 1908; baseline -0.005 -9"><span class='ocrx_word' id='word_1_194' title='bbox 59 1850 99 1901; x_wconf 89' lang='lat' dir='ltr'>bis</span> <span class='ocrx_word' id='word_1_195' title='bbox 109 1850 150 1898; x_wconf 84' lang='lat' dir='ltr'>sit.</span> <span class='ocrx_word' id='word_1_196' title='bbox 164 1848 213 1897; x_wconf 87' lang='lat' dir='ltr'>Cur</span> <span class='ocrx_word' id='word_1_197' title='bbox 222 1845 378 1895; x_wconf 81' lang='lat' dir='ltr'>exsecrabilis</span> <span class='ocrx_word' id='word_1_198' title='bbox 388 1847 435 1895; x_wconf 88' lang='lat' dir='ltr'>ista</span> <span class='ocrx_word' id='word_1_199' title='bbox 443 1846 515 1895; x_wconf 88' lang='lat' dir='ltr'>nobis</span> <span class='ocrx_word' id='word_1_200' title='bbox 524 1846 585 1896; x_wconf 89' lang='lat' dir='ltr'>solis</span> <span class='ocrx_word' id='word_1_201' title='bbox 592 1847 661 1896; x_wconf 83' lang='lat' dir='ltr'>velut</span> <span class='ocrx_word' id='word_1_202' title='bbox 670 1846 787 1896; x_wconf 81' lang='lat' dir='ltr'>dissertio</span> <span class='ocrx_word' id='word_1_203' title='bbox 795 1845 832 1908; x_wconf 74' lang='grc'>(3)</span> 
     </span>
     <span class='ocr_line' id='line_1_27' title="bbox 57 1916 831 1983; baseline -0.004 -15"><span class='ocrx_word' id='word_1_204' title='bbox 57 1919 123 1983; x_wconf 86' lang='lat' dir='ltr'>juris</span> <span class='ocrx_word' id='word_1_205' title='bbox 132 1917 237 1968; x_wconf 91' lang='lat' dir='ltr'>humani</span> <span class='ocrx_word' id='word_1_206' title='bbox 245 1916 299 1966; x_wconf 83' lang='lat' dir='ltr'>est‘l</span> <span class='ocrx_word' id='word_1_207' title='bbox 309 1917 405 1966; x_wconf 74' lang='lat' dir='ltr'>lecerit</span> <span class='ocrx_word' id='word_1_208' title='bbox 411 1916 505 1980; x_wconf 83' lang='lat' dir='ltr'>aliquid</span> <span class='ocrx_word' id='word_1_209' title='bbox 514 1917 650 1980; x_wconf 82' lang='lat' dir='ltr'>Philippus,</span> <span class='ocrx_word' id='word_1_210' title='bbox 659 1931 705 1966; x_wconf 92' lang='lat' dir='ltr'>cur</span> <span class='ocrx_word' id='word_1_211' title='bbox 711 1916 831 1965; x_wconf 81' lang='lat' dir='ltr'>aduersus</span> 
     </span>
     <span class='ocr_line' id='line_1_28' title="bbox 60 1987 829 2050; baseline -0.009 -10"><span class='ocrx_word' id='word_1_212' title='bbox 60 2005 118 2040; x_wconf 90' lang='lat' dir='ltr'>eum</span> <span class='ocrx_word' id='word_1_213' title='bbox 130 1995 254 2039; x_wconf 84' lang='lat' dir='ltr'>armatum</span> <span class='ocrx_word' id='word_1_214' title='bbox 270 1994 294 2038; x_wconf 84' lang='lat' dir='ltr'>et</span> <span class='ocrx_word' id='word_1_215' title='bbox 308 1988 401 2038; x_wconf 90' lang='lat' dir='ltr'>bellum</span> <span class='ocrx_word' id='word_1_216' title='bbox 413 1994 542 2050; x_wconf 77' lang='lat' dir='ltr'>gerentem</span> <span class='ocrx_word' id='word_1_217' title='bbox 552 1988 601 2037; x_wconf 89' lang='lat' dir='ltr'>hoo</span> <span class='ocrx_word' id='word_1_218' title='bbox 616 1987 809 2036; x_wconf 85' lang='lat' dir='ltr'>decerneremus</span> <span class='ocrx_word' id='word_1_219' title='bbox 823 2002 829 2032; x_wconf 90' lang='lat'><strong>:</strong></span> 
     </span>
     <span class='ocr_line' id='line_1_29' title="bbox 60 2058 832 2125; baseline -0.005 -15"><span class='ocrx_word' id='word_1_220' title='bbox 60 2062 122 2125; x_wconf 88' lang='lat' dir='ltr'>quid</span> <span class='ocrx_word' id='word_1_221' title='bbox 133 2061 246 2116; x_wconf 88' lang='lat' dir='ltr'>Perseus,</span> <span class='ocrx_word' id='word_1_222' title='bbox 259 2073 338 2109; x_wconf 81' lang='lat' dir='ltr'>nouus</span> <span class='ocrx_word' id='word_1_223' title='bbox 346 2074 398 2115; x_wconf 81' lang='lat' dir='ltr'>rex,</span> <span class='ocrx_word' id='word_1_224' title='bbox 412 2060 493 2108; x_wconf 90' lang='lat' dir='ltr'>omnis</span> <span class='ocrx_word' id='word_1_225' title='bbox 505 2059 603 2120; x_wconf 85' lang='lat' dir='ltr'>injuriae</span> <span class='ocrx_word' id='word_1_226' title='bbox 625 2059 717 2114; x_wconf 86' lang='lat' dir='ltr'>insons,</span> <span class='ocrx_word' id='word_1_227' title='bbox 733 2071 779 2107; x_wconf 92' lang='lat' dir='ltr'>suo</span> <span class='ocrx_word' id='word_1_228' title='bbox 790 2058 832 2106; x_wconf 86' lang='lat' dir='ltr'>be·</span> 
     </span>
     <span class='ocr_line' id='line_1_30' title="bbox 60 2125 832 2196; baseline -0.013 -12"><span class='ocrx_word' id='word_1_229' title='bbox 60 2134 148 2184; x_wconf 82' lang='lat' dir='ltr'>ncficio</span> <span class='ocrx_word' id='word_1_230' title='bbox 156 2140 273 2196; x_wconf 82' lang='lat' dir='ltr'>paternas</span> <span class='ocrx_word' id='word_1_231' title='bbox 285 2130 423 2180; x_wconf 81' lang='lat' dir='ltr'>simultates</span> <span class='ocrx_word' id='word_1_232' title='bbox 439 2128 583 2185; x_wconf 77' lang='lat' dir='ltr'>obliterans,</span> <span class='ocrx_word' id='word_1_233' title='bbox 595 2126 710 2176; x_wconf 76' lang='lat' dir='ltr'>meruit?</span> <span class='ocrx_word' id='word_1_234' title='bbox 722 2139 768 2175; x_wconf 90' lang='lat' dir='ltr'>cur</span> <span class='ocrx_word' id='word_1_235' title='bbox 784 2125 832 2175; x_wconf 86' lang='lat' dir='ltr'>soli</span> 
     </span>
     <span class='ocr_line' id='line_1_31' title="bbox 60 2197 831 2261; baseline -0.016 -5"><span class='ocrx_word' id='word_1_236' title='bbox 60 2205 172 2256; x_wconf 90' lang='lat' dir='ltr'>omnium</span> <span class='ocrx_word' id='word_1_237' title='bbox 183 2204 265 2252; x_wconf 79' lang='lat' dir='ltr'>hostes</span> <span class='ocrx_word' id='word_1_238' title='bbox 278 2202 301 2252; x_wconf 94' lang='lat' dir='ltr'>ei</span> <span class='ocrx_word' id='word_1_239' title='bbox 313 2201 418 2251; x_wconf 86' lang='lat' dir='ltr'>sumus‘l</span> <span class='ocrx_word' id='word_1_240' title='bbox 428 2201 574 2261; x_wconf 80' lang='lat' dir='ltr'>Quanquam</span> <span class='ocrx_word' id='word_1_241' title='bbox 585 2205 609 2246; x_wconf 85' lang='lat' dir='ltr'>et</span> <span class='ocrx_word' id='word_1_242' title='bbox 621 2197 682 2246; x_wconf 92' lang='lat' dir='ltr'>illud</span> <span class='ocrx_word' id='word_1_243' title='bbox 691 2197 775 2246; x_wconf 86' lang='lat' dir='ltr'>dicere</span> <span class='ocrx_word' id='word_1_244' title='bbox 784 2210 831 2260; x_wconf 94' lang='lat' dir='ltr'>po-</span> 
     </span>
     <span class='ocr_line' id='line_1_32' title="bbox 60 2267 829 2334; baseline -0.014 -8"><span class='ocrx_word' id='word_1_245' title='bbox 60 2280 227 2334; x_wconf 80' lang='lat' dir='ltr'>teram,mnta</span> <span class='ocrx_word' id='word_1_246' title='bbox 248 2271 363 2333; x_wconf 91' lang='lat' dir='ltr'>priorum</span> <span class='ocrx_word' id='word_1_247' title='bbox 375 2269 521 2320; x_wconf 84' lang='lat' dir='ltr'>llaocdouiae</span> <span class='ocrx_word' id='word_1_248' title='bbox 543 2281 633 2328; x_wconf 82' lang='lat' dir='ltr'>regum</span> <span class='ocrx_word' id='word_1_249' title='bbox 656 2267 755 2315; x_wconf 77' lang='lat' dir='ltr'>merila-</span> <span class='ocrx_word' id='word_1_250' title='bbox 770 2279 829 2329; x_wconf 79' lang='lat' dir='ltr'>erga</span> 
     </span>
    </p>
   </div>
   <div class='ocr_carea' id='block_1_4' title="bbox 61 2413 857 2726">
    <p class='ocr_par' dir='ltr' id='par_1_6' title="bbox 61 2413 857 2726">
     <span class='ocr_line' id='line_1_33' title="bbox 62 2413 833 2486; baseline -0.013 -18"><span class='ocrx_word' id='word_1_251' title='bbox 62 2421 326 2486; x_wconf 75' lang='lat' dir='ltr'>quocomilia.llnautre</span> <span class='ocrx_word' id='word_1_252' title='bbox 334 2418 432 2474; x_wconf 83' lang='lat' dir='ltr'>exemple</span> <span class='ocrx_word' id='word_1_253' title='bbox 459 2415 575 2467; x_wconf 69' lang='lat' dir='ltr'>diuortio,</span> <span class='ocrx_word' id='word_1_254' title='bbox 590 2413 686 2469; x_wconf 79' lang='lat' dir='ltr'>l&#39;oppose</span> <span class='ocrx_word' id='word_1_255' title='bbox 699 2414 727 2458; x_wconf 86' lang='lat' dir='ltr'>de</span> <span class='ocrx_word' id='word_1_256' title='bbox 740 2424 833 2459; x_wconf 77' lang='lat' dir='ltr'>maer·</span> 
     </span>
     <span class='ocr_line' id='line_1_34' title="bbox 62 2474 833 2542; baseline -0.017 -11"><span class='ocrx_word' id='word_1_257' title='bbox 62 2487 89 2531; x_wconf 93' lang='lat' dir='ltr'>de</span> <span class='ocrx_word' id='word_1_258' title='bbox 99 2484 233 2542; x_wconf 75' lang='lat' dir='ltr'>puidilose</span> <span class='ocrx_word' id='word_1_259' title='bbox 242 2490 320 2526; x_wconf 76' lang='lat' dir='ltr'>trouve</span> <span class='ocrx_word' id='word_1_260' title='bbox 333 2494 362 2524; x_wconf 85' lang='lat' dir='ltr'>au</span> <span class='ocrx_word' id='word_1_261' title='bbox 374 2492 434 2523; x_wconf 83' lang='lat' dir='ltr'>eom-</span> <span class='ocrx_word' id='word_1_262' title='bbox 461 2478 503 2530; x_wconf 89' lang='lat' dir='ltr'>lio,</span> <span class='ocrx_word' id='word_1_263' title='bbox 520 2489 577 2532; x_wconf 91' lang='lat' dir='ltr'>pour</span> <span class='ocrx_word' id='word_1_264' title='bbox 594 2474 713 2524; x_wconf 70' lang='lat' dir='ltr'>dicentia.</span> <span class='ocrx_word' id='word_1_265' title='bbox 741 2475 833 2531; x_wconf 63' lang='lat' dir='ltr'>dicias·</span> 
     </span>
     <span class='ocr_line' id='line_1_35' title="bbox 61 2536 833 2593; baseline -0.016 -1"><span class='ocrx_word' id='word_1_266' title='bbox 61 2553 200 2592; x_wconf 87' lang='lat' dir='ltr'>mencemenl</span> <span class='ocrx_word' id='word_1_267' title='bbox 213 2547 243 2590; x_wconf 91' lang='lat' dir='ltr'>du</span> <span class='ocrx_word' id='word_1_268' title='bbox 258 2544 314 2588; x_wconf 77' lang='lat' dir='ltr'>Iliso.</span> <span class='ocrx_word' id='word_1_269' title='bbox 329 2542 433 2588; x_wconf 56' lang='lat' dir='ltr'>ulcu„</span> <span class='ocrx_word' id='word_1_270' title='bbox 460 2539 514 2589; x_wconf 76' lang='lat' dir='ltr'>clio,</span> <span class='ocrx_word' id='word_1_271' title='bbox 524 2537 545 2591; x_wconf 86' lang='lat' dir='ltr'>la</span> <span class='ocrx_word' id='word_1_272' title='bbox 559 2536 688 2581; x_wconf 79' lang='lat' dir='ltr'>dissolutior</span> <span class='ocrx_word' id='word_1_273' title='bbox 704 2536 731 2580; x_wconf 76' lang='lat' dir='ltr'>‘le</span> <span class='ocrx_word' id='word_1_274' title='bbox 747 2549 773 2581; x_wconf 85' lang='lat' dir='ltr'>ee</span> <span class='ocrx_word' id='word_1_275' title='bbox 788 2550 833 2593; x_wconf 84' lang='lat' dir='ltr'>que</span> 
     </span>
     <span class='ocr_line' id='line_1_36' title="bbox 62 2597 857 2665; baseline -0.015 -11"><span class='ocrx_word' id='word_1_276' title='bbox 62 2611 83 2655; x_wconf 75' lang='lat'>2.</span> <span class='ocrx_word' id='word_1_277' title='bbox 97 2610 175 2655; x_wconf 79' lang='lat' dir='ltr'>Nibilo</span> <span class='ocrx_word' id='word_1_278' title='bbox 187 2608 249 2665; x_wconf 76' lang='lat' dir='ltr'>plac,</span> <span class='ocrx_word' id='word_1_279' title='bbox 268 2605 434 2658; x_wconf 75' lang='lat' dir='ltr'>interrogative-</span> <span class='ocrx_word' id='word_1_280' title='bbox 461 2597 833 2655; x_wconf 76' lang='lat' dir='ltr'>l&#39;omteurappelleplusbrscom·</span> <span class='ocrx_word' id='word_1_281' title='bbox 854 2622 857 2628; x_wconf 86' lang='lat'><strong>.</strong></span> 
     </span>
     <span class='ocr_line' id='line_1_37' title="bbox 62 2658 832 2726; baseline -0.017 -8"><span class='ocrx_word' id='word_1_282' title='bbox 62 2678 131 2724; x_wconf 75' lang='lat' dir='ltr'>ment,</span> <span class='ocrx_word' id='word_1_283' title='bbox 139 2684 160 2726; x_wconf 94' lang='lat' dir='ltr'>p.</span> <span class='ocrx_word' id='word_1_284' title='bbox 171 2682 250 2713; x_wconf 77' lang='lat' dir='ltr'>aanor</span> <span class='ocrx_word' id='word_1_285' title='bbox 260 2669 333 2712; x_wconf 80' lang='lat' dir='ltr'>mullo</span> <span class='ocrx_word' id='word_1_286' title='bbox 341 2664 435 2723; x_wconf 59' lang='lat' dir='ltr'>plum!</span> <span class='ocrx_word' id='word_1_287' title='bbox 460 2661 573 2706; x_wconf 78' lang='lat' dir='ltr'>merciam</span> <span class='ocrx_word' id='word_1_288' title='bbox 582 2660 649 2715; x_wconf 75' lang='lat' dir='ltr'>juris</span> <span class='ocrx_word' id='word_1_289' title='bbox 658 2658 779 2716; x_wconf 62' lang='lat' dir='ltr'>nubendi</span> <span class='ocrx_word' id='word_1_290' title='bbox 796 2674 832 2705; x_wconf 83' lang='lat' dir='ltr'>re·</span> 
     </span>
    </p>
   </div>
   <div class='ocr_carea' id='block_1_5' title="bbox 63 2720 832 2851">
    <p class='ocr_par' dir='ltr' id='par_1_7' title="bbox 63 2720 832 2851">
     <span class='ocr_line' id='line_1_38' title="bbox 63 2720 832 2782; baseline -0.014 -5"><span class='ocrx_word' id='word_1_291' title='bbox 63 2733 119 2776; x_wconf 79' lang='lat'>-3.</span> <span class='ocrx_word' id='word_1_292' title='bbox 142 2732 206 2776; x_wconf 75' lang='lat' dir='ltr'>Velut</span> <span class='ocrx_word' id='word_1_293' title='bbox 224 2731 339 2774; x_wconf 74' lang='lat' dir='ltr'>dissertio.</span> <span class='ocrx_word' id='word_1_294' title='bbox 361 2728 434 2778; x_wconf 78' lang='lat' dir='ltr'>Velut.</span> <span class='ocrx_word' id='word_1_295' title='bbox 458 2720 671 2782; x_wconf 64' lang='lat' dir='ltr'>patrocinandos</span> <span class='ocrx_word' id='word_1_296' title='bbox 681 2721 702 2765; x_wconf 78' lang='lat' dir='ltr'>le</span> <span class='ocrx_word' id='word_1_297' title='bbox 715 2722 832 2778; x_wconf 69' lang='lat' dir='ltr'>mponquo</span> 
     </span>
     <span class='ocr_line' id='line_1_39' title="bbox 65 2783 832 2851; baseline -0.012 -14"><span class='ocrx_word' id='word_1_298' title='bbox 65 2793 210 2851; x_wconf 77' lang='lat' dir='ltr'>«pouruinsi</span> <span class='ocrx_word' id='word_1_299' title='bbox 224 2793 337 2844; x_wconf 84' lang='lat' dir='ltr'>dire»‚se</span> <span class='ocrx_word' id='word_1_300' title='bbox 353 2795 434 2833; x_wconf 82' lang='lat' dir='ltr'>meleu</span> <span class='ocrx_word' id='word_1_301' title='bbox 459 2787 483 2841; x_wconf 84' lang='lat' dir='ltr'>je</span> <span class='ocrx_word' id='word_1_302' title='bbox 509 2793 588 2829; x_wconf 80' lang='lat' dir='ltr'>uouvc</span> <span class='ocrx_word' id='word_1_303' title='bbox 614 2783 668 2827; x_wconf 77' lang='lat' dir='ltr'>alens</span> <span class='ocrx_word' id='word_1_304' title='bbox 690 2783 786 2828; x_wconf 74' lang='lat' dir='ltr'>l&#39;edilion</span> <span class='ocrx_word' id='word_1_305' title='bbox 805 2786 832 2828; x_wconf 90' lang='lat' dir='ltr'>de</span> 
     </span>
    </p>
   </div>
   <div class='ocr_carea' id='block_1_6' title="bbox 63 2845 856 2962">
    <p class='ocr_par' dir='ltr' id='par_1_8' title="bbox 63 2845 856 2962">
     <span class='ocr_line' id='line_1_40' title="bbox 63 2845 838 2911; baseline -0.022 -10"><span class='ocrx_word' id='word_1_306' title='bbox 63 2859 118 2901; x_wconf 79' lang='lat' dir='ltr'>letio</span> <span class='ocrx_word' id='word_1_307' title='bbox 134 2868 190 2911; x_wconf 92' lang='lat' dir='ltr'>pour</span> <span class='ocrx_word' id='word_1_308' title='bbox 213 2854 302 2896; x_wconf 83' lang='lat' dir='ltr'>adoucir</span> <span class='ocrx_word' id='word_1_309' title='bbox 317 2865 348 2894; x_wconf 89' lang='lat' dir='ltr'>un</span> <span class='ocrx_word' id='word_1_310' title='bbox 366 2855 434 2893; x_wconf 89' lang='lat' dir='ltr'>lerme</span> <span class='ocrx_word' id='word_1_311' title='bbox 461 2847 568 2902; x_wconf 75' lang='lat' dir='ltr'>Kreyssig.</span> <span class='ocrx_word' id='word_1_312' title='bbox 587 2845 627 2888; x_wconf 81' lang='lat' dir='ltr'>bes</span> <span class='ocrx_word' id='word_1_313' title='bbox 644 2848 719 2888; x_wconf 67' lang='lat' dir='ltr'>annes</span> <span class='ocrx_word' id='word_1_314' title='bbox 744 2851 838 2898; x_wconf 72' lang='lat' dir='ltr'>portem</span> 
     </span>
     <span class='ocr_line' id='line_1_41' title="bbox 64 2903 856 2962; baseline -0.027 0"><span class='ocrx_word' id='word_1_315' title='bbox 64 2917 164 2962; x_wconf 77' lang='lat' dir='ltr'>basardb.</span> <span class='ocrx_word' id='word_1_316' title='bbox 174 2914 212 2959; x_wconf 84' lang='lat' dir='ltr'>Tel</span> <span class='ocrx_word' id='word_1_317' title='bbox 222 2911 436 2959; x_wconf 79' lang='lat' dir='ltr'>osleueilellomol</span> <span class='ocrx_word' id='word_1_318' title='bbox 463 2906 639 2959; x_wconf 63' lang='lat' dir='ltr'>deserl&#39;aomou</span> <span class='ocrx_word' id='word_1_319' title='bbox 652 2904 697 2959; x_wconf 66' lang='lat' dir='ltr'>uui</span> <span class='ocrx_word' id='word_1_320' title='bbox 707 2904 754 2947; x_wconf 79' lang='lat' dir='ltr'>uin</span> <span class='ocrx_word' id='word_1_321' title='bbox 762 2914 805 2956; x_wconf 71' lang='lat' dir='ltr'>pus</span> <span class='ocrx_word' id='word_1_322' title='bbox 821 2903 856 2942; x_wconf 66' lang='lat' dir='ltr'>os</span> 
     </span>
    </p>
   </div>
   <div class='ocr_carea' id='block_1_7' title="bbox 0 0 957 3216">
    <p class='ocr_par' dir='ltr' id='par_1_9' title="bbox 0 0 957 3216">
     <span class='ocr_line' id='line_1_42' title="bbox 0 0 957 3216; baseline 0 0"><span class='ocrx_word' id='word_1_323' title='bbox 0 0 957 3216; x_wconf 95' lang='lat' dir='ltr'> </span> 
     </span>
    </p>
   </div>
  </div>
 </body>
</html>
