1904 3216
114 199 169 251 ’554
431 201 591 252 ouationes

124 317 234 365 currem
243 313 347 364 delatam
356 315 387 365 ad
399 320 425 364 te
433 314 549 364 tacuisti?
558 329 604 364 our
611 319 661 364 tam
673 327 777 364 securus
784 314 898 366 audisti?

123 386 180 441 lloo,
196 386 377 448 qualecumque
397 392 443 442 est,
464 385 577 434 confesso
592 384 665 442 mihi,
682 384 836 447 ubicumque
857 400 895 445 es,

123 454 264 512 Alexander,
276 454 413 505 remisisti:
428 456 555 504 dexteram
577 459 646 504 tuam
662 456 797 517 amplexus,
807 469 899 506 recon-

124 524 202 574 ciliati
211 525 303 588 pignus
315 525 402 583 animi,
415 525 529 575 convivio
540 537 639 587 quoque
650 523 765 575 interfui.
778 524 803 574 Si
815 527 898 576 credi-

124 596 183 645 disti
195 595 267 653 mihi,
282 597 411 646 absolutus
422 610 492 653 sum;
509 596 531 644 si
549 594 692 658 pepercisti,
703 595 822 645 dimissus
836 613 843 644 t
857 599 896 648 vel

121 665 245 730 judicium
254 671 327 716 tuum
340 680 411 715 serva
429 666 472 730 (6).
491 665 554 724 Quid
571 668 617 715 hac
630 665 742 728 proxima
751 671 832 726 nocte,
846 682 897 731 qua

124 737 252 798 digressus
262 750 318 786 sum
331 750 441 786 amensa
454 742 506 792 tua,
519 734 584 784 ieci?
602 736 669 799 quod
684 749 777 785 novum
796 736 897 787 lacinus

59 859 62 865 ,
126 808 232 856 delatum
244 806 275 855 ad
286 811 310 856 te
321 807 429 857 mutavit
440 806 552 855 animum
567 805 656 855 tuum?
667 805 740 856 Gravi
755 820 846 870 sopore
857 822 899 858 ao-

125 877 377 942 quiescebam,’quum
389 891 429 926 me
437 877 509 925 malis
522 875 713 925 indormientem
722 875 785 926 meis
794 877 898 930 inimici

124 948 256 998 vinciendo
267 949 444 998 excitaverunt.
455 947 523 996 llnde
539 952 564 996 et
574 946 706 1010 parricidae
725 952 750 996 et
769 948 896 1010 proditori

126 1026 176 1070 tam
188 1018 231 1068 alti
248 1019 319 1082 quies
331 1019 429 1069 somni?
445 1019 561 1068 Scelerati
574 1016 724 1067 conscientia
736 1017 896 1082 obstrepente

125 1104 202 1153 quum
210 1090 320 1139 dormire
328 1104 378 1139 non
389 1095 501 1154 possunt,
512 1089 608 1151 agitant
625 1103 667 1138 eos
678 1088 761 1146 furiae,
772 1103 823 1139 non
835 1104 898 1141 con-

125 1165 247 1210 summato
259 1160 341 1217 modo,
354 1160 398 1209 sed
415 1160 491 1210 etiam
507 1159 614 1220 cogitato
625 1159 770 1221 parricidio.
788 1159 818 1208 lit
828 1161 896 1210 mihi

125 1230 283 1279 securitatem
295 1230 406 1292 primum
417 1230 559 1279 innocentia
568 1244 631 1288 mea,
640 1231 728 1279 deinde
740 1235 782 1280 tua
794 1231 897 1284 dextera

126 1301 264 1350 obtulerat:
277 1314 328 1349 non
339 1300 413 1349 timui
424 1314 455 1349 ne
472 1301 528 1362 plus
539 1300 625 1349 alienae
637 1300 776 1350 crudelitati
789 1303 856 1364 apud
870 1308 897 1354 te

126 1371 220 1428 liceret,
233 1383 307 1434 quam
321 1370 457 1420 clementiae
468 1377 526 1420 tuae.
541 1371 587 1419 Sed
595 1385 627 1420 ne
645 1376 670 1419 te
681 1371 743 1420 mihi
758 1372 898 1424 credidisse

125 1442 251 1504 poeniteat,
260 1453 301 1490 res
312 1440 342 1488 ad
350 1453 390 1489 me
398 1441 576 1491 deferebatura
585 1454 672 1503 puero,
681 1442 724 1504 qui
734 1455 784 1491 non
795 1448 896 1502 testem,

127 1526 177 1562 non
193 1513 285 1575 pignus
303 1512 391 1561 indicii
410 1513 526 1561 exhibere
534 1517 638 1573 poterat,
650 1511 797 1574 impleturus
807 1526 898 1564 omnes

126 1587 203 1636 metu,
216 1581 239 1629 si
259 1581 373 1642 coepisset
394 1581 484 1630 audiri.
505 1581 627 1633 Amatoris
650 1588 674 1630 et
692 1581 790 1645 pueruli
807 1583 897 1644 jurgio

126 1651 252 1713 interponi
264 1665 337 1700 aures
349 1665 416 1700 meas
433 1652 527 1700 credidi
541 1650 634 1706 infelix,
653 1658 678 1700 et
692 1652 766 1700 fidem
784 1653 838 1714 ejus
855 1668 898 1703 su-

126 1728 234 1784 spectam
246 1722 329 1780 habui,
345 1723 411 1785 quod
424 1736 475 1771 non
486 1722 539 1784 ipse
554 1723 670 1779 deferret,
683 1723 726 1771 sed
737 1723 842 1772 fratrem
853 1738 899 1786 po-

126 1791 178 1840 tius
197 1793 352 1841 subornaret.
367 1791 446 1841 Timui
458 1806 490 1841 ne
501 1797 605 1853 negaret
616 1792 744 1841 mandasse
756 1806 810 1841 sese
822 1794 899 1842 Ceba·

128 1863 188 1920 lino,
202 1869 227 1912 et
243 1877 289 1924 ego
301 1863 400 1912 viderer
411 1862 496 1912 multis
515 1863 653 1912 amicorum
664 1863 731 1924 regis
743 1862 820 1911 fuisse
831 1864 899 1925 peri·

129 1933 179 1982 culi
189 1946 270 1981 causa.
284 1933 323 1982 Sic
332 1947 440 1995 quoque,
453 1947 532 1994 quum
543 1933 651 1982 laeserim
663 1932 798 1989 nemiuem,
811 1932 898 1984 iuveni

127 2004 171 2066 qui
181 2005 264 2052 mallet
282 2003 366 2066 perire
385 2018 424 2052 me
436 2017 512 2066 quam
531 2003 682 2052 incolumem
693 2017 761 2053 esse:
776 2004 838 2066 quid
847 2005 899 2054 ini·

128 2073 282 2122 micitiarum
300 2074 401 2123 creditis
418 2080 578 2136 excepturum
599 2075 632 2136 (l)
645 2074 731 2131 fuisse,
743 2073 765 2123 si
784 2075 898 2126 insontes

128 2144 335 2193 lacessissem‘t-
343 2146 372 2193 lt
381 2145 448 2194 enim
464 2145 568 2193 Dimuus
585 2159 612 2193 se
624 2145 727 2194 ocoiditl
737 2145 838 2194 -llum
850 2147 899 2209 igi·

129 2220 171 2264 tur
180 2217 304 2264 facturum
314 2229 372 2266 eum
384 2216 495 2264 divinare
511 2214 598 2277 potui?
607 2215 713 2264 llinime.
727 2216 763 2265 lta
775 2217 843 2278 quod
857 2231 900 2267 so·

41 2332 43 2337 .
129 2287 181 2335 lum
193 2286 284 2334 iudicio
299 2287 373 2335 tidem
392 2287 460 2343 fecit,
473 2287 498 2335 id
514 2300 562 2344 me,
576 2301 654 2348 quum
668 2301 682 2335 a
694 2285 807 2336 Cebalino
819 2287 900 2336 inter-

129 2359 233 2421 pellatus
246 2372 309 2414 sum,
324 2371 485 2406 inoverenon
499 2363 604 2420 poterat.

161 2431 198 2484 at,
210 2429 322 2488 hercule,
339 2430 360 2477 si
371 2429 485 2478 conscius
501 2428 589 2476 Dimno
601 2428 663 2477 tanti
671 2429 771 2478 sceleris
783 2429 898 2482 luissem.

130 2498 206 2548 biduo
219 2499 271 2556 illo,
282 2500 394 2561 proditos
413 2512 468 2548 esse
485 2512 540 2557 nos,
562 2498 720 2548 dissimulare
739 2513 790 2548 non
802 2498 897 2549 debui:

130 2673 286 2729 Nicomaquelz
303 2676 358 2718 mais
376 2675 408 2718 les
426 2682 500 2718 autres
527 2688 555 2717 en
566 2688 601 2718 me
616 2681 718 2718 recenant
727 2687 754 2717 eu
765 2674 829 2729 grace
839 2679 862 2717 ot
870 2685 899 2716 eu

132 2736 182 2788 (que
195 2736 327 2790 seiont-iub
337 2760 364 2768 -
373 2738 393 2780 6.
412 2737 449 2779 Vel
459 2738 500 2792 jo·
527 2736 649 2779 m'invitant
658 2737 728 2779 meme
738 2737 749 2778 a
760 2744 782 2779 ta
793 2735 862 2779 table.
873 2759 899 2769 -

131 2795 218 2836 dicium
237 2800 303 2839 tuam
322 2810 396 2845 serva.
407 2811 434 2840 en
453 2802 501 2840 tout
527 2800 546 2841 7.
558 2800 669 2855 Excipere
679 2813 706 2842 au
716 2797 785 2854 figure
797 2811 839 2841 :au
848 2809 900 2852 pro·

127 2870 163 2901 cas
180 2858 234 2916 (ool)
251 2866 310 2904 reste
330 2860 393 2904 fidele
402 2873 430 2902 au
437 2861 501 2915 juge-
527 2873 565 2915 pre
575 2861 590 2902 il
608 2861 677 2902 sedit
693 2861 731 2903 des
742 2871 810 2915 eoups
825 2859 901 2914 portes

120 2931 185 2970 ment
196 2940 241 2985 que
251 2934 277 2972 tu
287 2939 313 2972 as
325 2924 391 2985 porte
401 2937 439 2969 sur
453 2923 508 2976 moi,
531 2935 571 2978 par
581 2923 734 2966 deseruescu
746 2922 785 2965 des
798 2921 900 2977 projecti·
