1904 3216
141 119 185 166 l82
351 143 354 147 ⁴
444 115 604 165 ouationes

140 234 341 292 eodemtempore
347 231 480 292 utrobique
488 232 625 291 respublica
632 244 751 294 prospere
763 232 910 290 gereretur?

140 304 223 353 Adhuc
244 304 345 352 adversa
361 302 475 350 secundis
493 305 626 364 pausando,
642 317 693 351 reru
715 302 745 350 ad
770 303 795 350 id
812 308 910 364 tempus

140 382 273 424 extractam
289 387 360 422 esse:
378 387 455 434 quum
466 373 491 420 iu
506 375 571 421 ltalia
582 375 613 422 ad
628 373 799 423 Trasimenum
810 381 835 421 et
849 373 911 442 §an-

144 459 185 494 nas
197 444 487 508 praecipitassetllomana
499 457 547 498 res,
560 458 677 506 prospera
685 443 745 492 bella
756 442 781 490 in
793 443 910 502 Hispania

144 517 283 577 prolapsam
299 528 353 562 eam
363 513 486 562 erexisse:
504 522 592 575 postea,
605 528 684 575 quum
700 513 725 561 in
737 513 851 574 Hispania
862 513 910 562 alia

142 582 910 647 superaliamclades,duobusegreeiisduoibusamissisduos

141 656 262 704 exercitus
277 667 306 702 ex
319 658 389 715 parte
399 653 511 709 delesset,
523 656 599 703 multa
612 653 718 703 secunda
728 653 755 701 in
768 652 838 702 ltalia
848 652 910 703 Siai·

140 725 224 788 ltaque
238 731 306 786 gesta
323 731 464 784 quassatam
481 724 659 785 rempublicam
677 723 800 785 excepisse
814 723 864 787 (l);
884 729 910 774 et

139 796 222 858 ipsum
233 793 461 853 intervallumloci,
483 795 548 848 cuod
559 794 583 842 in
598 793 691 843 ultimis
712 799 839 842 terrarum
857 795 911 844 oris

139 868 248 915 alterum
260 864 354 912 bellum
367 870 505 924 gereretur,
516 866 621 927 spatium
637 863 732 913 dedisse
740 865 770 913 ad
781 864 912 926 respiran-

141 937 210 984 dum.
232 937 298 984 llune
313 935 361 984 duo
373 935 438 984 bella
449 937 474 983 in
487 936 581 983 ltaliam
592 941 699 997 accepta,
723 933 786 983 duos
798 935 911 984 celeber-

140 1007 198 1056 rimi
218 1006 327 1055 nominis
348 1007 424 1055 duces
439 1006 598 1054 circumstare
616 1005 705 1054 urbem
723 1005 866 1066 Romanam,
885 1013 911 1056 et

139 1092 220 1126 unum
231 1077 349 1125 inlocum
360 1081 435 1124 totam
449 1074 555 1137 periculi
566 1075 662 1131 molem,
676 1088 749 1123 omne
761 1088 824 1125 onus
836 1076 911 1127 inau-

139 1148 223 1197 huisse
234 1163 239 1196 :
250 1147 294 1208 qui
301 1159 385 1195 eorum
398 1144 467 1207 prior
477 1143 583 1201 vicisset,
593 1143 659 1193 iutra
668 1158 760 1208 paucos
769 1145 822 1195 dies
827 1153 909 1196 castra

140 1231 197 1267 cum
206 1216 286 1266 altero
291 1215 446 1277 junctarum.

471 1408 581 1460 cxxtssl

140 1534 197 1596 Cap.
213 1532 253 1582 ll.
282 1530 358 1582 Verba
379 1532 463 1582 Rom
490 1530 557 1580 inter
573 1531 684 1582 homines
705 1533 777 1596 culpo
798 1532 909 1598 jactata,

170 1608 306 1737 ῗοεεφιαςη
318 1601 382 1651 Nero
398 1600 433 1649 ad
442 1601 573 1666 cottham,
590 1601 677 1652 relicto
689 1602 840 1663 Hannibale,
848 1620 910 1668 pao-

182 1679 251 1722 eatua
260 1686 285 1719 ea
299 1707 307 1725 .

167 1791 224 1831 llero.
239 1787 327 1837 exceptu
341 1787 413 1827 littei·
430 1788 555 1827 Hasdrubalis
565 1789 590 1827 ad
601 1787 691 1839 fratrem.
704 1790 777 1836 quilius
795 1800 816 1828 se
833 1789 872 1838 ipsi
889 1793 911 1831 in

144 1833 225 1872 Umbria
242 1842 372 1872 decumarum
378 1845 388 1884 ,ι
396 1832 492 1876 untiabut,
501 1832 570 1871 statuit
589 1832 626 1871 satri
635 1834 661 1884 ad
670 1833 763 1881 collegam
771 1833 856 1874 eundum
864 1847 911 1874 cum

144 1878 195 1916 llore
206 1878 308 1917 :erobore
317 1881 415 1927 exercitus
430 1877 467 1915 sui.
491 1879 556 1927 taque.
571 1882 683 1924 praeanonno
692 1888 727 1926 per
739 1878 815 1917 litteras
832 1885 909 1923 senatu.

145 1932 190 1960 eum
201 1932 235 1959 ser
246 1921 332 1959 millibus
343 1920 431 1970 peditum
440 1925 459 1958 et
469 1920 521 1958 malle
535 1921 634 1966 equitibus
642 1923 666 1958 ad
679 1922 755 1961 Livium
770 1922 909 1972 proficiscitur,

143 1965 238 2004 almulans
249 1971 313 2016 tanen
321 1974 343 2003 ae
353 1966 371 2002 in
381 1965 498 2014 lucarnam
508 1967 603 2012 quandam
612 1976 659 2004 occu
674 1968 743 2005 andam
751 1969 819 2005 urbem
828 1969 909 2007 ducere.

143 2010 210 2048 Romae
219 2011 277 2048 lectas
286 2010 371 2047 comalio
382 2008 455 2060 litteris
473 2019 567 2059 maxuuus
575 2015 640 2047 terror
660 2011 697 2056 uit,
709 2012 803 2052 necastis
812 2015 911 2052 constabat

143 2057 182 2091 tam
191 2055 255 2092 audax
263 2053 302 2092 tter
311 2053 397 2091 consulas
405 2053 506 2092 laudarent
514 2057 669 2101 vituperarentue
678 2066 684 2092 a

173 2154 253 2202 Castra
263 2165 340 2215 prope
352 2150 510 2202 Hannibalern
522 2154 615 2202 lionam
622 2152 709 2203 relicta
721 2153 774 2204 sine
783 2156 911 2207 dueecum

143 2224 260 2282 exercitu,
276 2223 316 2273 oui
327 2223 467 2273 detractum
482 2225 542 2273 toret
557 2239 621 2272 omn
641 2225 706 2287 quod
718 2228 821 2286 roboris,
845 2230 911 2292 quod

142 2295 209 2342 floris
225 2297 310 2352 luerit,
332 2301 357 2344 et
373 2296 499 2344 consulem
521 2294 546 2344 in
570 2297 676 2346 lucanos
697 2299 833 2350 ostendisse
850 2302 909 2358 iter,

142 2379 219 2426 quum
236 2368 349 2415 Picenum
361 2374 386 2416 et
398 2367 499 2416 Galliam
515 2375 614 2428 peteret
632 2375 714 2418 castra
727 2371 910 2432 relinquentem

142 2435 211 2484 nulla
225 2437 311 2486 aliare
322 2436 413 2487 tutiora
424 2450 497 2499 quam
508 2452 594 2487 errore
604 2439 689 2498 nostis,
701 2440 746 2502 qui
756 2439 846 2491 ducem
853 2443 910 2493 inde

143 2511 217 2566 atque
228 2506 347 2556 exereitus
362 2512 456 2568 partem
471 2510 491 2556 al
501 2521 554 2557 ese
566 2516 700 2568 relocaret.
716 2509 778 2564 Ouid
789 2511 908 2572 summm,

144 2574 200 2626 tiid
209 2576 290 2637 palam
305 2576 370 2626 fiat?
379 2583 404 2627 et
416 2583 458 2624 aut
471 2576 566 2638 insequi
577 2586 705 2636 neronem,
716 2594 773 2629 cum
781 2595 822 2630 sex
834 2584 911 2633 milli-

167 2708 262 2753 clxvll.
272 2711 292 2752 l.
302 2709 438 2762 Quassatam
453 2724 513 2756 rem·
539 2714 780 2771 d'autreseremplesde
787 2724 820 2760 eet
830 2720 911 2775 emploi

142 2772 261 2825 peraticum
289 2772 408 2827 excepisse,
436 2774 511 2818 εμὲ-ἀ.
539 2776 911 2835 duverbceccipcrcvopnosno-

133 2831 277 2873 euslsaut'ue
299 2832 429 2878 rm'luram.
452 2835 512 2880 Pour
539 2844 571 2883 tes
591 2850 631 2884 sur
646 2839 814 2891 Quintecume,
826 2853 848 2897 p.
861 2843 908 2887 167.
