1904 3216
88 201 117 253 Sl
335 232 337 237 ·
364 205 366 208 ⁴
389 202 551 251 ontrlonns

89 322 153 369 inter
174 321 336 379 nuncupanda
356 325 409 367 vota
426 319 562 381 expoposci‚
579 319 631 380 ejus
654 333 694 369 me
719 326 856 381 compotem

88 392 135 441 voti
152 405 193 439 vos
209 392 290 438 lacere
303 391 412 451 potestis,
428 390 448 436 si
463 389 603 437 meminisse
618 391 701 445 vultis,
715 403 762 437 non
778 404 820 438 ros
831 390 858 438 in

88 462 187 510 Samnio
198 460 280 509 necin
293 459 393 516 Volscis,
401 459 444 507 sed
452 461 478 507 in
487 460 597 508 Romano
604 460 654 508 solo
662 467 742 508 castra
750 460 855 516 habere;

87 533 108 595 si
118 533 174 580 illos
186 532 271 587 colles,
282 543 343 590 quos
355 529 465 587 cernitis,
477 528 563 592 patriae
576 536 664 578 vestrae
678 542 744 587 esse;
760 529 781 577 si
791 530 858 580 huuc

87 602 234 657 exercitum,
247 599 339 648 civium
348 607 499 658 vestrorum;
516 599 539 648 si
548 613 587 648 me
599 603 725 648 consulem
737 608 856 659 vestrum,

88 686 158 735 cujus
172 672 250 720 ductu
265 671 422 733 auspicioque
431 671 586 733 prioreanno
597 669 635 719 bis
644 671 750 732 legiones
762 670 859 719 Samni-

87 742 153 790 tium
167 740 276 797 fudistis,
288 741 411 789 hisoastra
425 740 449 788 vi
460 740 569 804 cepistis.
578 741 628 802 ligo
637 755 693 789 sum
706 741 735 788 ll.
748 740 857 790 Valerius

88 813 188 867 Corvus,
197 810 299 867 milites,
309 810 380 872 cujus
389 825 432 860 vos
441 812 595 861 nobilitatem
605 812 731 861 beneficiis
739 825 856 874 ergarus,
904 860 905 866 ,

87 895 138 932 non
147 881 259 944 injuriis,
273 882 395 945 sensistis:
406 882 499 932 nullius
508 884 621 947 superbae
632 885 658 932 in
669 897 711 932 vos
723 884 793 945 legis,
801 885 859 934 nul-

87 952 252 1004 liuscrudelis
261 953 464 1002 senatusconsulti
474 960 558 1004 auctor
565 969 571 1014 ;
579 953 605 1003 in
615 954 731 1003 omnibus
737 953 801 1003 meis
808 955 858 1003 im-

88 1024 164 1089 periis
178 1024 203 1071 in
215 1037 255 1072 me
266 1024 453 1088 severiorquam
466 1024 494 1073 in
504 1039 556 1074 ros.
571 1029 602 1073 lc
611 1025 632 1074 si
644 1025 684 1074 cui
694 1039 780 1087 genus.
789 1026 858 1076 sicui

87 1109 132 1143 sua
150 1094 241 1150 virtus,
257 1095 279 1143 si
289 1094 329 1143 cui
338 1096 410 1143 etiam
416 1095 540 1158 majestas,
553 1096 573 1143 si
583 1095 623 1144 cui
637 1095 743 1145 honores
751 1096 859 1146 subdere

88 1165 193 1228 spiritus
207 1170 355 1227 potuerunt;
370 1165 390 1213 is
408 1165 442 1228 (2)
455 1179 524 1214 eram
537 1172 618 1222 natus,
633 1166 658 1214 id
671 1167 794 1229 specimen
808 1169 858 1216 mei

88 1237 214 1294 dederam,
222 1249 250 1285 ea
261 1242 331 1284 aetate
336 1239 489 1286 consulatum
494 1237 598 1298 adeptus
603 1250 679 1292 eram,
687 1238 856 1300 utpotuerim.

87 1314 139 1356 tres
146 1314 170 1355 et
184 1305 274 1368 uiginti
287 1306 447 1361 annisnatus,
457 1308 544 1355 consul
555 1305 667 1354 l’atrihus
677 1320 775 1368 quoque
788 1307 857 1356 ferox

87 1391 151 1434 esse,
160 1390 209 1426 non
221 1376 302 1426 solum
309 1375 382 1438 plebi.
394 1375 463 1430 Quod
471 1390 554 1439 meum
564 1376 657 1424 lactum
667 1376 791 1424 dictumve
800 1390 857 1426 con-

88 1446 151 1496 sulis
166 1446 276 1508 gravius,
287 1458 361 1506 quam
375 1445 479 1503 tribuni,
487 1445 607 1495 audistis?
614 1445 702 1494 Eodem
712 1453 797 1494 tenore
807 1447 857 1496 duo

88 1513 246 1576 insequentes
256 1514 397 1563 consulatus
403 1514 477 1576 gessi,
487 1515 573 1563 eodem
580 1516 633 1563 haec
639 1513 770 1577 imperiosa
781 1514 858 1564 dicta·

87 1590 141 1634 tura
155 1594 265 1647 geretur,
278 1592 307 1633 ut
314 1598 394 1645 neque
400 1585 428 1632 in
441 1586 486 1634 hos
493 1599 560 1635 meos
569 1593 594 1634 et
604 1588 756 1649 patriaemeae
763 1587 857 1636 milites

87 1656 174 1706 mitior
187 1669 261 1720 quam
272 1654 346 1703 invos
354 1656 452 1719 [horreo
460 1656 554 1717 dicere)
562 1657 651 1706 hostes.
664 1657 777 1719 llrgovos
785 1658 857 1719 prius

87 1729 116 1778 in
126 1727 435 1786 mestrinxeritislerrum,
444 1742 519 1790 quam
528 1730 556 1777 in
566 1743 609 1777 vos
623 1742 668 1790 ego
680 1744 686 1778 :
699 1729 774 1779 istinc
781 1730 815 1794 (5)
824 1731 857 1780 si·

86 1812 136 1858 gna
143 1807 242 1857 canent;
252 1797 326 1846 istinc
335 1798 428 1845 clamor
432 1798 502 1860 prius
511 1799 613 1861 incipiet
622 1807 697 1860 atque
706 1800 855 1862 impetus,si

86 1867 256 1917 dimicandum
272 1874 317 1916 est.
331 1867 443 1918 lnilucite
453 1869 479 1918 in
488 1871 681 1933 animumquod
690 1884 739 1919 non
751 1872 857 1922 indure-

87 1938 329 2001 runtpatresavique
339 1939 424 1988 vestri:
435 1953 483 1989 nou
496 1939 593 2003 illiqui
602 1941 735 1990 insacrum
745 1950 856 1992 montem

86 2015 252 2066 secesserunt;
269 2024 318 2060 non
331 2010 366 2066 ni,
381 2011 424 2073 qui
437 2019 521 2072 postea
535 2012 684 2060 Aventinum
698 2012 853 2063 insederunt.

87 2081 230 2142 Exspectate
241 2081 299 2129 dum
315 2081 384 2130 vobis
399 2081 512 2144 singulis,
529 2089 558 2131 ut
571 2083 632 2131 olim
648 2083 783 2141 Coriolano,
802 2099 857 2134 ma-

86 2158 137 2200 tres
153 2151 317 2214 coniugesque
329 2151 441 2201 crinibus
449 2153 529 2214 passis
542 2153 621 2201 obviae
631 2154 661 2202 ab
673 2155 736 2203 urhe
747 2156 853 2205 veniant.

87 2223 148 2271 Tum
160 2222 297 2271 llolscorum
309 2224 429 2285 legiones,
444 2222 502 2284 quia
519 2223 656 2272 Romanum
670 2224 792 2272 habebant
807 2224 856 2273 du-

86 2305 149 2347 cem,
162 2291 312 2352 quieverunt
328 2308 333 2340 ι
346 2307 398 2350 ros,
410 2293 535 2342 llomanus
549 2293 680 2350 exercitus,
691 2307 740 2342 non
750 2295 853 2344 destite-

86 2363 143 2413 ritis
161 2363 238 2425 impio
247 2363 324 2412 bello'l

117 2435 143 2482 Τ.
160 2434 267 2489 Quincti,
279 2449 435 2501 quocumque
446 2438 503 2487 istic
512 2438 573 2495 loco,
584 2437 726 2493 seuvolens,
735 2451 778 2486 seu
789 2437 856 2486 invi·

86 2511 135 2560 tus,
154 2504 296 2559 constitisti,
312 2506 332 2554 si
348 2508 516 2557 dimicandum
528 2508 586 2568 erit,
601 2513 656 2556 tum
670 2515 697 2557 tu
709 2508 735 2556 in
745 2507 856 2556 ‘novissi-

87 2589 139 2624 mos
155 2580 179 2624 te
197 2573 303 2635 recipito
309 2590 315 2629 ;
342 2576 437 2637 fugeris
459 2578 533 2626 etiam
554 2579 690 2637 honestius,
707 2585 856 2640 tergumque

87 2644 135 2694 ciri
147 2644 254 2700 dederis,
270 2657 345 2706 quam
360 2647 508 2707 pugnaveris
515 2655 603 2698 contra
616 2648 728 2711 patriam.
744 2648 814 2698 ltunc
824 2649 855 2698 ad

87 2715 266 2778 pacilicandum
283 2716 345 2763 hene
356 2722 429 2777 atque
441 2718 541 2766 honeste
555 2719 621 2768 inter
632 2719 726 2782 primos
737 2719 820 2777 stabis,
831 2728 856 2769 et

88 2883 111 2890 --
122 2859 143 2902 Ξ.
153 2858 175 2900 ls
191 2870 255 2900 eram
270 2862 340 2901 notate
351 2859 457 2914 (pourtw
483 2859 687 2915 inperantibus).
702 2886 728 2893 -
742 2863 761 2906 5.
774 2862 854 2915 Istinc,

83 2920 117 2961 laic
127 2933 195 2963 eram
211 2922 398 2977 genere),mieux
413 2933 456 2977 que
484 2921 622 2973 cenadire,
642 2922 670 2965 ab
687 2923 732 2967 illa
748 2928 827 2980 parte,
839 2937 855 2968 a
