1904 3216
86 209 134 265 512
391 212 555 266 ottllltilltls

87 327 147 380 dum
165 329 237 388 foret,
254 331 300 381 hoe
313 343 391 381 uuum
407 341 536 391 superesse
549 327 692 378 discrimen.
715 325 856 392 (Granicum

72 396 127 447 -hio
141 412 247 459 amnem,
258 399 397 460 Ciliciaeque
409 404 515 457 montes,
529 404 555 447 et
568 397 664 460 Syriam
675 398 856 460 AEgyptumque

86 470 256 529 praeeuntibus
273 470 304 532 tl)
317 477 406 533 raptas,
423 468 602 531 ingentiaspei
618 468 751 531 gloriaeque
769 467 858 517 incita·

86 543 178 596 menta,
191 539 336 603 referebat.)
346 539 515 601 Reprehensos
527 553 556 588 ex
566 538 627 602 luga
638 538 724 587 Persas
734 541 857 600 pugnatu-

86 619 137 665 ros,
152 607 209 670 quia
219 609 307 670 fugere
318 623 368 658 non
380 614 488 671 possent.
505 608 616 658 'lentium
631 608 685 670 jam
701 607 768 657 diem
785 612 858 658 metu

86 690 231 740 exsangues,
248 677 325 728 armis
337 678 390 728 suis
401 683 521 735 oneratos,
544 678 570 727 in
582 679 667 729 eodem
688 676 794 739 vestigio
803 675 858 728 h'ae-

86 759 152 796 rere.
162 747 261 797 llullum
269 747 448 810 desperationis
460 746 560 796 illorum
570 747 650 810 majus
658 747 780 798 indicium
791 761 857 806 esse,

87 830 162 880 quam
173 817 239 879 quod
256 818 340 876 urbes,
352 818 418 880 quod
435 831 509 879 agros
526 831 583 867 suos
594 824 698 868 urerent
712 834 719 865 r
735 817 859 881 quicquid

86 900 136 936 non
154 886 331 951 corrupissent,
343 888 453 937 hostium
469 901 523 938 esse
535 887 650 938 confessi.
664 887 766 937 Nomina
781 888 858 938 modo

86 970 146 1006 vana
153 957 266 1019 gentium
274 957 418 1021 ignotarum
433 972 465 1008 ne
478 958 676 1008 extimescerent.
696 958 780 1021 Neque
787 957 857 1008 enim

86 1028 117 1077 ad
131 1027 188 1077 belli
202 1027 339 1078 discrimen
354 1028 490 1091 pertinere.
504 1028 548 1091 qui
567 1029 651 1079 abluis
664 1028 858 1092 Septhae‚'quire

87 1096 185 1147 Cadusii
196 1097 387 1161 appellarentur.
403 1097 439 1148 Ob
450 1099 476 1148 id
486 1099 577 1161 ipsum,
592 1098 658 1160 quod
673 1098 752 1160 ignoti
762 1105 856 1158 essent,

86 1166 211 1229 ignobiles
226 1181 288 1217 esse.
309 1167 440 1231 Nunquam
452 1169 563 1231 ignorari
582 1169 648 1218 viros
662 1169 753 1219 sortes:
767 1174 793 1218 at
802 1169 858 1218 'ina-

86 1238 169 1296 belles,
181 1251 211 1287 ex
230 1238 333 1288 latebris
351 1238 402 1287 suis
416 1246 509 1296 erutos,
527 1239 592 1288 nihil
604 1245 696 1301 praeter
710 1238 810 1290 nomina
822 1241 858 1289 ai-

86 1308 165 1357 lerre.
179 1307 323 1358 llaoedonas
337 1307 428 1357 virtute
438 1316 564 1360 assecutos
576 1323 608 1360 ne
617 1309 674 1372 quis
689 1315 742 1360 toto
751 1310 858 1360 orbelo-

38 1416 41 1421 .
87 1391 131 1426 cus
148 1382 221 1436 esset,
237 1377 353 1439 quitales
366 1377 435 1426 viros
447 1375 581 1440 ignoraret.
597 1380 759 1429 Intuerentur
767 1380 857 1430 barba·

86 1460 172 1497 rorum
183 1447 336 1496 inconditum
352 1460 441 1507 agmen
455 1464 461 1494 z
475 1448 552 1497 alium
566 1448 629 1498 nihil
643 1455 734 1512 praeler
744 1449 858 1513 jaculum

87 1517 187 1574 hahere,
195 1517 272 1570 alium
283 1518 359 1566 lunda
369 1531 424 1566 saxa
431 1517 532 1575 librare,
541 1519 701 1583 paucisjusta
709 1532 780 1569 erma
789 1532 856 1570 esse.

85 1587 169 1649 ltaque
180 1587 249 1635 illine
261 1587 346 1648 plures
358 1593 436 1646 stare;
447 1589 506 1637 hinc
518 1590 602 1652 plures
613 1589 784 1641 dimicaturos.

115 1655 163 1706 ileo
182 1657 354 1719 postularem,
368 1663 397 1706 ut
407 1658 506 1707 l'ortiter
518 1665 674 1721 capesserent
688 1659 817 1722 proelium,
828 1659 857 1710 ni

86 1727 139 1790 ipse
145 1726 234 1776 ceteris
244 1726 398 1776 fortitudinis
407 1727 496 1777 luisset
507 1730 652 1791 exemplum.
665 1729 694 1779 Se
703 1735 759 1778 ante
770 1730 858 1792 prima

86 1797 157 1854 siena
167 1796 352 1846 dimicaturum.
372 1797 494 1859 Spondere
506 1812 553 1859 pro
564 1813 591 1848 se
602 1804 638 1848 tot
649 1798 860 1859 cicatrioeetoti·

86 1867 142 1916 dem
160 1867 272 1930 eorporis
286 1867 471 1916 deco1·a:seire
489 1867 563 1934 ipsos,
581 1882 660 1918 unum
671 1881 740 1932 paene
750 1882 779 1918 se
789 1883 860 1932 prae-

86 1937 123 1986 dae
136 1937 274 1986 communis
292 1942 423 1992 exsortem.
444 1934 471 1985 in
492 1937 542 1986 illis
561 1937 670 1988 colendis
687 1938 860 2004 ornandisque

86 2020 207 2070 usurpare
216 2006 328 2056 victoriae
339 2007 449 2068 praemia.
463 2006 518 2055 llaec
530 2020 556 2055 se
567 2006 676 2056 lortihus
686 2006 748 2056 viris
760 2007 859 2060 dicere.

87 2076 112 2125 Si
133 2075 177 2139 qui
210 2075 343 2125 dissimiles
359 2080 547 2131 commossem,
566 2075 610 2125 illa
620 2075 697 2124 inisse
707 2075 857 2128 dicturum:

87 2146 228 2209 pervenisse
243 2156 273 2194 eo
290 2145 356 2194 unde
373 2146 460 2205 lugere
477 2157 527 2193 non
545 2150 652 2207 possent.
671 2145 714 2194 Tot
728 2151 860 2199 terrarum

87 2216 165 2279 spatia
186 2215 300 2273 emensis,
319 2220 354 2263 tot
367 2215 480 2264 amnibus
496 2215 671 2276 montibusque
683 2220 738 2277 post
755 2222 860 2280 tergum

87 2284 197 2348 objectis,
205 2284 253 2334 iter
259 2283 286 2332 in
295 2283 402 2347 patriam
413 2289 439 2332 et
450 2290 552 2346 penates
560 2298 636 2333 manu
643 2284 858 2339 esselaciendnm.

113 2446 193 2493 vlint.
201 2447 458 2499 Praeeantilats,c0mme
484 2449 568 2492 nuance
578 2448 605 2492 de
617 2461 623 2492 :
633 2460 723 2506 passage
735 2450 821 2498 denunt
829 2467 860 2500 un

87 2511 121 2554 s'il
139 2522 153 2567 y
169 2511 226 2553 nvait
239 2510 436 2565 preter-cantilena
448 2523 457 2553 :
483 2510 537 2557 lieu.
547 2519 577 2553 un
587 2510 653 2565 cajet,
663 2523 713 2554 sana
721 2524 735 2568 y
744 2513 859 2569 pedeti-er,

86 2573 156 2627 prises
166 2581 193 2613 en
207 2577 299 2624 pussant.
316 2571 343 2612 ln
360 2570 457 2624 preposi-
483 2584 522 2626 par
532 2573 637 2624 exemplar,
647 2573 700 2616 daus
709 2585 748 2618 ces
763 2580 860 2624 motsde

86 2635 132 2674 tion
141 2643 190 2688 prae
199 2632 271 2685 ajoute
285 2630 297 2672 d
313 2629 333 2672 lo
350 2631 457 2683 signitica-
483 2632 570 2676 Tacite:
589 2634 700 2678 Arsaniae
714 2634 809 2689 {lumen
822 2654 861 2687 ω.

85 2700 133 2736 lton
142 2691 170 2735 de
183 2690 296 2749 beaucoup
308 2691 334 2735 de
350 2691 427 2735 vernes
436 2692 456 2735 lu
483 2696 534 2738 stro
542 2694 685 2752 ptelluedot.
