1906 3690
208 629 247 680 EX
262 629 356 680 lnclll
373 627 570 679 lllsrolttlttlltt
593 629 677 679 liutto
695 631 726 680 11.
807 633 850 680 481

84 745 206 798 tercidere
213 760 241 794 ae
250 745 359 809 reparari
364 744 505 807 promiscua
515 749 573 793 sunt
581 743 612 808 ll)
621 760 627 790 ε
636 743 761 793 aeternitas
767 758 853 794 rerum

85 822 111 867 et
121 831 166 879 par
178 815 290 878 gentium
298 819 325 863 et
335 827 390 863 mea
405 827 463 863 cum
471 820 552 864 restra
561 814 628 863 salus
638 813 807 863 incolumitate
817 829 854 864 so-

85 893 158 936 natus
171 888 287 935 firmatur
302 901 308 932 ε
323 886 391 934 huno
406 885 530 948 auspicato
543 899 557 934 a
574 890 675 947 parente
690 891 715 934 et
727 885 853 936 conditore

85 958 157 1007 Urbis
167 962 260 1007 nostrae
275 956 420 1005 institutum
429 961 455 1005 et
464 971 480 1006 a
488 957 588 1019 regibus
595 970 676 1018 usque
686 956 717 1004 ad
729 956 854 1018 Principes

85 1027 230 1077 continuum
244 1033 269 1075 et
281 1026 444 1075 immortalem
454 1025 541 1076 siouta
554 1024 690 1089 majoribus
704 1026 851 1088 accepimus

85 1093 120 1145 sio
133 1096 239 1158 posteris
251 1095 390 1154 tradamus;
405 1108 464 1143 nam
476 1099 543 1144 uter
551 1095 621 1144 vobis
632 1099 766 1155 senatores,
777 1095 812 1146 ita
823 1108 852 1146 ex

84 1166 241 1217 senatoribus
253 1164 380 1228 Principes
394 1170 539 1215 naseuntur.

165 1444 220 1492 EX
240 1443 375 1493 MBBO
396 1444 433 1493 ΙΙ
454 1443 767 1492 lusrolualwll

434 1648 502 1702 xm

221 1792 277 1858 Cap.
290 1794 331 1844 ll.
346 1792 432 1845 Oratio
447 1791 548 1844 Othonis
564 1792 599 1841 ad
613 1791 712 1844 Milites.

107 1942 173 1995 vietus
183 1940 243 1980 aclea
254 1940 361 1979 Vitellianis
371 1941 428 1988 Otho,
435 1952 585 1994 'quanquameae
593 1942 658 1981 adhuc
671 1944 788 1995 superarent
800 1940 852 1994 ‚vires

84 1991 107 2026 ot
116 1991 212 2038 potpisset
226 1995 322 2038 renovare
333 1985 412 2028 bellam.
421 1992 481 2039 vitam
496 1989 613 2038 abrumpere
629 1989 768 2025 destinaverat.
782 1987 853 2026 nautes

85 2041 166 2084 summas
182 2031 274 2079 precibus
287 2029 370 2069 orabant
383 2041 408 2068 ue
420 2031 536 2070 fidissimum
549 2035 655 2070 exercitum
669 2032 777 2075 desereret,
789 2042 817 2084 se·
826 2042 853 2084 pe

85 2076 228 2158 Effiliatebaulur
236 2079 324 2113 extrema
337 2084 428 2122 passuros
442 2085 571 2126 ausurosque.
584 2076 635 2124 lpse,
649 2086 750 2115 aversusa
763 2086 818 2114 consi
826 2086 852 2114 ns

133 2145 139 2165 1

116 2234 193 2292 llunc,
210 2234 301 2299 inquit,
319 2234 439 2293 animum,
451 2233 516 2283 hanc
532 2234 650 2284 virtutem
665 2241 772 2285 vestram
788 2236 853 2285 ultra

85 2304 204 2367 perieulis
213 2305 329 2367 objicere,
340 2304 414 2354 nimis
423 2304 516 2366 grande
531 2304 588 2353 vitae
595 2319 656 2353 meae
665 2305 851 2368 pretiumputo.

86 2376 180 2433 Quanto
190 2375 246 2437 plus
256 2374 309 2437 spei
320 2374 458 2434 ostenditis,
467 2375 489 2424 si
499 2373 582 2424 virere
592 2375 710 2437 placeret,
719 2379 787 2424 tanto
799 2375 854 2439 pul-

85 2445 169 2494 chrior
182 2459 249 2494 mors
261 2444 318 2493 erit.
333 2444 433 2505 Experti
448 2444 552 2493 invicem
568 2458 663 2501 sumus,
675 2459 720 2507 ego
731 2461 759 2494 ac
769 2446 852 2495 fortu-

85 2528 116 2562 na
131 2514 162 2575 (l)
180 2530 185 2560 :
200 2527 245 2562 nec
255 2519 351 2576 tempus
363 2513 560 2576 computaveritis
574 2530 580 2560 ε
593 2514 721 2563 dilficilius
736 2521 772 2564 est
785 2521 853 2565 tem-

86 2599 172 2648 perare
189 2584 310 2642 felicitati,
329 2598 377 2647 qua
395 2590 420 2634 te
434 2598 484 2634 non
499 2590 572 2646 putes
587 2585 631 2634 diu
647 2599 760 2634 usurum.
776 2585 853 2636 Civile

85 2656 202 2705 belluina
215 2654 313 2705 vitellio
326 2655 408 2717 caepit,
424 2662 450 2704 et
462 2661 491 2704 ut
505 2657 536 2705 de
550 2655 689 2718 principatu
702 2661 853 2706 certaremus

85 2726 169 2787 armis,
181 2725 282 2776 initium
295 2725 346 2776 illio
360 2726 395 2790 (2)
407 2725 454 2774 luit
466 2742 473 2772 z
486 2740 518 2776 ne
531 2727 587 2789 plus
598 2740 674 2789 quam
685 2727 763 2775 semel
775 2733 851 2778 certe·

84 2812 150 2857 mus,
157 2809 233 2861 penes
243 2811 283 2847 me
293 2798 433 2861 exemplum
444 2797 494 2847 erit
505 2813 512 2844 a
525 2795 584 2847 hinc
593 2796 712 2846 Othonem
720 2798 853 2861 posteritas

86 2975 188 3018 lilleation
210 2989 216 3019 ε
242 2975 325 3020 decora
351 2975 455 3019 omnium
481 2974 773 3030 ecpertnssumltellom’a
789 2977 852 3032 portal

84 3038 269 3095 provinciarum.
279 3061 305 3070 -
321 3037 340 3080 7.
357 3037 455 3081 lateret·
480 3047 508 3078 au
518 3047 572 3091 rang
581 3036 681 3091 supremo
689 3052 695 3088 ς
700 3038 799 3092 fortuna
809 3040 852 3097 (mc

84 3099 139 3143 dere
152 3112 180 3143 oc
196 3098 307 3156 reparari
321 3099 454 3156 promiscua
481 3101 575 3154 experto
582 3100 623 3154 est)
634 3099 714 3142 :ellea
725 3101 753 3144 alat
762 3107 857 3148 trouver.

84 3164 147 3213 sunt,
156 3162 286 3207 hellenismo
299 3175 356 3218 pour
371 3162 456 3218 promi·
481 3173 525 3212 qua
532 3161 604 3216 J'etais
613 3162 677 3216 digua
690 3163 718 3206 de
733 3163 850 3220 l'occuper.

85 3235 137 3267 acue
150 3224 296 3270 intercidant
309 3226 332 3267 et
343 3236 456 3282 reparan-
481 3223 531 3267 Cela
544 3237 579 3267 ma
593 3223 670 3267 sulllt:
687 3225 709 3289 ¹⁰.
725 3230 794 3282 temps
811 3228 851 3270 im-

86 3289 132 3332 tar.
481 3293 542 3342 porta
565 3297 615 3340 peu.
633 3306 660 3319 -·
677 3287 702 3330 2.
720 3287 789 3334 llllc,
802 3296 864 3336 peut

111 3349 176 3393 llllll.
204 3352 224 3395 l.
253 3349 299 3408 llpo
316 3349 456 3408 (fortunam
483 3349 511 3394 ia
524 3344 882 3407 illiaapontlbasstatttoe-
