1906 3690
151 311 198 361 lle
293 313 349 353 -’
450 311 611 362 onltlolllls

151 428 263 491 exemplo
283 441 397 488 assumo;
420 434 529 484 cunctos,
553 425 597 489 qui
616 423 744 474 novissimi
765 427 866 476 consilii
885 427 936 491 (2)=

151 507 263 562 expertes
275 499 379 557 fuimus,
395 513 449 548 meo
463 497 539 548 unius
553 497 699 546 discrimine
712 497 861 547 defendam:
873 512 923 548 non

150 570 220 620 enim
234 570 348 632 Sejanum
358 566 641 630 Vulsiniensem(3)‚sed
656 565 924 617 Claudiaeetlulioedo·

151 654 207 690 mus
212 647 319 702 partem,
326 654 389 703 quas
395 640 516 688 affinitate
523 637 556 701 (ll
565 644 732 700 occupaverat,
739 644 822 694 tuum,
832 639 922 696 Cesar,

151 725 280 772 generum,
297 711 335 759 tui
352 710 494 759 consulatus
519 709 615 757 socium
628 710 672 770 (5l‚
687 717 730 758 tua
744 709 827 758 cilicia
842 710 870 759 in
883 724 924 760 re·

150 781 250 843 publica
268 785 436 842 capessentem
450 778 598 826 colebamus.
612 777 663 827 lion
677 786 714 828 est
727 790 843 828 nostrum
858 781 925 829 aesti-

150 865 221 900 mare
230 864 306 912 quem
319 864 394 912 supra
408 856 501 899 ceteros
514 857 539 897 et
554 849 646 911 quibus
660 850 691 898 de
704 850 786 899 causis
802 851 922 900 extollas:

150 921 198 969 tibi
205 934 333 969 summum
339 933 425 969 rerum
430 919 555 981 judicium
563 919 598 967 dii
614 919 719 976 dedere;
732 919 924 982 nobisobsequii

150 990 231 1052 gloria
237 989 324 1038 relicta
330 996 378 1038 est.
387 989 527 1050 Spectamus
535 1001 608 1048 porro
621 1002 676 1050 quae
689 1001 774 1036 coram
787 988 923 1048 habentur,

74 1119 76 1123 v
149 1060 228 1109 cuier
241 1066 266 1108 te
275 1073 342 1123 opes,
358 1060 473 1116 honores,
486 1059 543 1119 quis
553 1058 661 1121 plurima
671 1058 775 1120 juvandi
789 1060 925 1108 nocendive

150 1129 260 1191 potentia
277 1146 283 1176 ε
302 1144 358 1191 quae
377 1129 463 1191 Sejano
477 1127 558 1177 fuisse
575 1141 647 1176 nemo
664 1128 802 1190 negaverit.
821 1129 925 1191 Abditos

150 1199 274 1261 Principis
289 1213 386 1259 sensus,
405 1205 430 1248 et
449 1199 470 1247 si
489 1198 550 1260 quid
562 1198 683 1247 occultius
698 1205 777 1260 parat,
790 1199 925 1261 exquirere

151 1271 277 1327 illicilum,
288 1285 377 1334 anceps
391 1287 397 1318 ε
413 1284 458 1319 nec
478 1269 533 1318 ideo
549 1283 689 1330 assequare.
704 1270 747 1326 Ne,
766 1269 853 1319 Patres
865 1271 926 1320 Con·

151 1340 249 1401 scripti,
268 1339 387 1387 ultimum
400 1337 480 1401 sejani
494 1338 569 1398 diem,
583 1339 625 1386 sed
638 1339 746 1387 sedecim
763 1353 843 1389 annos
857 1340 926 1400 cogi-

152 1410 272 1458 taveritis.
288 1409 366 1459 Etiam
381 1408 490 1457 Satrium
502 1413 576 1469 atque
596 1409 761 1471 Pomponium
777 1409 811 1472 (6)
822 1424 926 1460 venera·

151 1481 256 1539 bamur3
270 1479 470 1540 liber-usquoque
482 1491 509 1525 ac
514 1476 668 1540 janitoribus
676 1480 728 1541 ejus
735 1485 867 1529 notescere
881 1493 925 1544 pro

151 1552 283 1613 magnifico
297 1551 473 1612 accipiebatur.
485 1549 549 1607 Quid
562 1551 643 1612 ergo‘l
657 1551 803 1600 indistincta
816 1552 871 1602 haec
885 1553 926 1602 de-

151 1622 230 1670 fensio
239 1621 411 1682 etpromiscua
424 1619 543 1667 dabitur?
555 1619 606 1668 imo
616 1619 693 1682 justis
707 1621 824 1671 terminis
832 1623 926 1672 divida-

152 1701 204 1741 tur.
222 1691 323 1740 lnsidiae
340 1691 367 1739 in
384 1689 572 1752 rempublicam,
586 1691 690 1740 consilia
706 1691 782 1740 caedis
792 1691 927 1742 adversum

153 1762 332 1825 Imperatorem
342 1761 479 1825 puniantur
488 1775 494 1805 ι
503 1759 533 1808 de
542 1760 785 1810 amiciliaetofficiis
793 1762 862 1812 idem
868 1763 926 1814 finis

151 1838 177 1881 et
188 1838 221 1888 te.
231 1831 320 1886 Caesar,
328 1836 353 1878 et
360 1843 405 1878 uos
417 1827 558 1878 absolverit.

151 1977 196 2022 per
207 1965 329 2012 sordidum.
342 1975 413 2019 quam
424 1975 445 2005 ae
454 1961 525 2018 paul·
551 1959 621 2010 Julius
632 1963 643 2004 ai
657 1962 713 2004 celle
721 1973 765 2017 que
779 1961 858 2006 'libere
868 1964 927 2008 erait

153 2029 224 2084 liaper
237 2026 374 2069 sordidatum
387 2025 525 2068 viderent.-
552 2024 647 2076 promise
657 2022 738 2075 asejan
747 2022 927 2069 lui-memeevec

153 2088 172 2132 ἲ.
185 2087 307 2133 Novissimi
327 2086 428 2136 consilii,
445 2086 524 2136 sarcir,
552 2097 596 2127 une
607 2084 688 2127 lemme
699 2085 727 2126 de
737 2097 759 2126 sa
772 2085 864 2136 l'nmille,
876 2098 926 2130 saus

153 2149 241 2203 Seiani,
253 2150 292 2204 qui
302 2148 357 2192 etait
370 2149 428 2192 celui
440 2148 466 2192 de
475 2156 526 2192 lucr
552 2144 618 2188 doute
640 2157 690 2188 aree
713 2157 736 2186 sa
759 2144 801 2187 bru
823 2145 892 2190 Livio.
913 2162 925 2186 ι

152 2212 238 2254 libero.
261 2233 284 2241 -
303 2210 325 2253 3.
352 2209 523 2257 Vulsiniensem.
552 2206 926 2263 narbone-erueremus

153 2272 211 2316 natis
221 2274 248 2316 de
256 2272 381 2315 Vulsinium
393 2283 421 2314 en
429 2261 523 2323 Etruriae,
551 2269 645 2311 socium
657 2267 724 2322 sejm
733 2268 835 2312 annitere
849 2269 926 2313 consui

152 2337 196 2389 auj.
213 2333 308 2378 bolsdna.
322 2356 348 2363 -
361 2332 382 2375 d.
395 2332 522 2387 Affinitate.
551 2343 602 2374 avec
613 2329 691 2372 'libere
700 2329 743 2371 l'en
755 2331 795 2374 784
809 2330 836 2374 de
849 2331 925 2382 Rome,

153 2395 291 2438 «Terentius
304 2393 363 2448 parle
378 2392 405 2435 do
419 2393 524 2447 mariages
550 2391 577 2434 50
592 2391 620 2434 de
636 2390 691 2434 l.-c.
706 2390 793 2442 libere,
806 2390 819 2433 l
833 2392 873 2447 qui
887 2391 926 2435 Τό-

67 2471 70 2477 ·
153 2456 249 2510 proJ'etes
256 2465 339 2497 comme
348 2452 394 2496 s'ils
405 2453 490 2495 avaient
496 2465 523 2496 eu
552 2453 636 2495 rentius
645 2451 751 2495 s'ndicsse
760 2452 798 2500 ici.
806 2453 926 2495 n'assistait

154 2518 212 2566 lieu;
222 2523 243 2557 et
256 2516 307 2558 e'est
319 2526 371 2556 avec
381 2515 463 2565 raison,
468 2515 527 2568 puis·
552 2527 590 2568 pas
602 2516 613 2556 d
623 2520 680 2557 cette
690 2512 768 2556 mance
776 2513 808 2557 du
819 2513 891 2556 senat.
900 2535 926 2545 -

154 2579 207 2634 qu'il
221 2591 248 2620 ne
259 2584 359 2632 reutque
371 2588 464 2631 prouver
476 2575 526 2618 l'es·
552 2574 572 2617 6.
588 2574 679 2626 Satrius,
691 2579 820 2616 aecusateur
836 2573 863 2617 de
875 2572 927 2616 Cre·

153 2641 259 2695 timeque
268 2639 344 2681 Tibere
354 2643 391 2680 eut
403 2637 525 2693 longtemps
552 2637 636 2679 mutius
644 2635 727 2680 Cordus
738 2637 766 2686 (v.
775 2635 797 2678 le
804 2635 853 2678 bisc
863 2633 925 2689 m),

153 2712 210 2755 pour
228 2698 300 2752 Sejan.
320 2698 422 2741 Clatedioe
444 2698 525 2742 domur
552 2706 575 2740 et
585 2697 663 2753 depuis
677 2697 836 2740 denonciateur
847 2696 875 2739 de
887 2695 926 2740 Sd·

153 2773 177 2802 se
193 2766 295 2814 rapporte
314 2759 420 2803 llumon
439 2760 524 2802 arretee
550 2761 596 2815 ian,
620 2771 659 2802 son
679 2759 731 2802 emi.
755 2758 780 2808 0.
794 2757 926 2814 Pomponius

153 2822 323 2864 anciennenrent
336 2828 399 2863 entre
411 2823 430 2863 la
443 2821 487 2864 lille
497 2821 524 2865 de
551 2828 584 2864 ost
605 2819 688 2875 siguale
708 2819 767 2863 aussi
791 2830 832 2876 par
855 2820 926 2864 Tacite

152 2882 217 2937 Seijau
230 2889 253 2926 et
269 2884 290 2927 le
307 2883 342 2927 lils
357 2881 384 2926 de
400 2881 487 2936 Claude,
502 2887 524 2926 et
551 2894 635 2926 comme
645 2881 751 2924 delateur.
