1904 3216
131 155 179 204 ott
373 154 376 159 ’
434 152 597 203 omrtorttts

132 273 184 330 Quo
194 269 282 318 deinde
292 267 371 327 modo,
376 269 403 318 si
409 275 435 319 te
441 275 510 318 metu
517 269 604 318 mortis
612 269 744 318 credebam
751 270 844 319 coenam
852 269 901 321 evi·

132 351 196 392 tasse
213 353 304 397 meam,
324 352 373 388 non
389 340 421 388 ab
436 339 522 388 eodem
537 345 606 388 metu
618 339 821 390 comissationem
833 354 901 404 quo-

131 427 180 478 que
193 411 345 460 evitaturum
355 409 547 459 existimabam?

160 485 213 534 Non
226 488 263 532 est
275 495 324 538 res,
342 495 390 542 qua
407 481 562 539 erubescam,
576 488 656 544 pater,
669 482 691 530 si
703 482 744 532 die
758 483 821 534 festo
834 484 901 535 inter

129 555 235 619 aequales
252 553 362 614 largiore
375 551 434 601 vino
448 567 504 601 sum
518 566 587 602 usus.
608 552 643 602 Tu
660 566 758 615 quoque
774 555 850 604 velim
862 556 900 605 in-

129 626 225 691 quiras,
233 638 281 687 qua
291 622 387 679 laetitia,
396 636 445 684 quo
454 623 511 672 lusu
519 624 586 684 apud
594 637 634 672 me
645 624 796 674 celebratum
806 626 901 676 hester·

128 709 190 746 num
202 694 343 744 convivium
360 693 406 748 sit,
420 694 463 743 illo
484 693 559 742 etiam
574 695 659 757 (pravo
673 693 789 757 forsitan)
806 698 899 759 gaudio

127 767 286 830 provehente,
299 765 365 826 quod
376 763 403 813 in
414 764 526 826 juvenali
540 778 670 813 armorum
685 767 822 816 certamine
838 780 897 829 pars

128 844 214 887 nostra
237 848 288 884 non
305 833 410 884 interior
430 835 519 883 fuerat.
539 833 638 882 Miseria
656 834 709 884 haec
728 835 759 898 (i)
774 842 801 885 et
816 844 899 889 metus

127 907 255 970 crapulam
266 904 338 953 facile
348 911 526 962 excusserunt;
537 918 592 967 quae
601 898 623 952 si
634 917 684 953 non
697 905 896 968 intervenissent,

127 978 286 1028 insidiatores
297 987 343 1024 nos
349 975 424 1037 sopiti
431 976 580 1036 jaceremus.
593 974 618 1023 Si
630 974 731 1023 domum
743 981 812 1024 tuam
822 989 897 1038 expu-

126 1056 264 1112 gnaturus,
284 1052 355 1108 capta
371 1045 457 1099 domo.
475 1045 605 1095 dominum
623 1046 801 1095 interfecturus
818 1061 896 1106 eram,

126 1131 176 1166 non
187 1122 366 1180 temperassem
379 1116 437 1165 vino
449 1115 476 1164 in
489 1128 568 1164 unum
578 1114 661 1164 diem?
673 1129 722 1164 non
733 1115 826 1164 milites
839 1118 898 1167 abs-

126 1187 259 1237 tinuissem
275 1185 310 1249 (8)
320 1199 399 1234 meos.
421 1187 459 1242 Et,
469 1198 501 1235 ne
511 1199 557 1247 ego
570 1180 610 1234 me
626 1186 694 1235 solus
708 1185 787 1234 nimia
797 1187 897 1250 simpli-

126 1260 202 1309 citate
213 1266 293 1316 tuear,
308 1258 362 1320 ipse
368 1271 469 1321 quoque
480 1256 672 1307 minimemalus
684 1271 712 1307 ac
725 1259 839 1321 suspicax
848 1261 897 1310 fra·

125 1336 175 1391 ter,
194 1329 284 1378 «nihil
307 1328 375 1378 aliud
393 1328 453 1385 scio,
473 1327 562 1389 inquit,
577 1329 642 1377 nihil
658 1343 745 1391 arguo,
760 1330 810 1378 nisi
829 1335 897 1393 quod

125 1415 184 1450 cum
197 1401 262 1449 ferro
277 1400 435 1448 comissatum
448 1399 626 1448 veneruntrsi
643 1412 765 1461 quaram,
787 1401 854 1450 uude
868 1401 895 1451 id

125 1472 208 1534 ipsum
221 1469 324 1521 scieris?
338 1483 438 1519 necesse
449 1468 499 1519 erit
511 1474 537 1518 te
550 1469 632 1528 fateri,
651 1476 694 1517 aut
712 1470 896 1530 speculatorum

124 1547 226 1591 tuorum
237 1541 336 1602 plenam
347 1538 448 1588 domum
456 1538 533 1587 fuisse
546 1552 635 1592 meam.
647 1546 690 1587 aut
700 1539 755 1587 illos
764 1539 798 1588 ita
810 1548 896 1602 aperte

125 1610 260 1671 sumpsisse
272 1610 379 1668 terrum,
393 1615 422 1658 ut
433 1621 519 1658 omnes
530 1607 642 1657 viderent
650 1623 657 1664 ;
673 1614 707 1665 et,
721 1623 753 1657 ne
768 1609 829 1670 quid
842 1609 896 1673 ipse

124 1686 168 1728 aut
183 1680 253 1741 prius
266 1679 411 1741 inquisisse,
432 1685 475 1727 aut
490 1692 556 1727 nunc
570 1677 704 1726 criminose
723 1682 895 1740 argumentari

124 1750 262 1807 videretur,
276 1758 301 1800 te
310 1751 341 1814 (9)
359 1763 473 1813 quaerere
482 1764 511 1798 ex
520 1749 558 1805 iis,
570 1762 632 1812 quos
646 1749 806 1806 nominasset,
819 1749 897 1814 juhe-

124 1822 173 1881 bat,
191 1836 223 1870 an
241 1823 335 1871 ferrum
359 1820 520 1870 habuissent?
532 1827 567 1876 ut,
589 1827 708 1882 tanquam
725 1822 751 1870 in
767 1837 795 1871 re
807 1823 893 1883 dubia,

124 1907 203 1956 quum
223 1893 249 1941 id
263 1894 403 1954 quaesisses,
428 1891 494 1953 quod
508 1891 557 1951 ipsi
572 1891 690 1948 intentur,
709 1907 755 1955 pro
775 1897 895 1945 convictis

123 1963 284 2012 haberentur.
296 1962 397 2020 Quinta
408 1961 456 2024 (10)
469 1961 533 2010 illud
547 1962 628 2024 quaeri
639 1963 720 2024 jubes,
731 1976 792 2011 num
805 1964 841 2013 tui
852 1979 895 2014 oe-

123 2032 222 2081 cidendi
238 2046 311 2081 causa
324 2035 419 2081 terrum
439 2032 616 2093 sumpserint?
630 2045 690 2080 num
703 2047 742 2081 me
757 2039 858 2082 auctore
870 2041 895 2083 et

90 2100 93 2105 ⁴
123 2103 238 2152 sciente?
256 2102 306 2151 Hoc
317 2102 384 2150 euim
400 2101 479 2149 videri
495 2101 541 2157 vis,
558 2115 608 2150 non
626 2103 695 2163 illud,
708 2104 774 2164 quod
784 2103 894 2154 fatentur

123 2180 147 2221 et
163 2173 245 2235 palam
266 2183 311 2230 est,
328 2181 353 2221 et
365 2171 404 2219 sui
414 2185 441 2220 se
456 2171 542 2220 tuendi
564 2186 637 2221 causa
648 2174 783 2234 sumpsisse
797 2174 891 2225 dicunt.

123 2244 202 2300 Recte,
225 2255 257 2289 an
273 2255 404 2304 perperam
427 2242 542 2298 fecerint,
565 2242 613 2304 ipsi
637 2244 675 2291 sui
688 2245 747 2292 tacti
771 2245 893 2293 rationem

122 2313 235 2362 reddent.
247 2313 322 2361 iteam
333 2326 441 2369 causam,
458 2326 514 2374 quae
526 2312 591 2360 nihil
601 2328 629 2362 eo
648 2315 711 2363 facto
729 2316 893 2377 contingitur,

123 2453 185 2495 touta
193 2452 494 2496 faitsemblableseretrouve
521 2458 567 2496 mot
579 2454 632 2496 dans
641 2467 679 2497 son
690 2455 745 2497 Disc.
760 2467 804 2510 pro
817 2455 892 2508 Sulla,

121 2526 149 2555 au
168 2513 224 2555 Disc.
245 2513 300 2565 cett,
319 2520 370 2556 note
388 2513 410 2556 6.
428 2537 455 2544 -
474 2515 493 2556 t.
521 2516 592 2560 chet
603 2531 608 2558 :
619 2516 672 2559 Jam
683 2517 892 2573 impedioreqomc,

121 2575 213 2618 Miseria
225 2575 278 2628 irae,
289 2577 310 2619 le
320 2577 382 2619 triste
391 2576 494 2618 e'tatdans
520 2578 601 2622 dolore
610 2580 762 2630 criminatio
772 2581 842 2635 nujus
850 2583 888 2623 mi

122 2637 194 2692 lequel
202 2638 225 2690 Jc
237 2651 271 2680 me
288 2646 366 2681 trouve
380 2638 392 2680 i
406 2638 494 2692 present
520 2652 583 2683 serra
593 2640 668 2694 ptura
688 2640 772 2691 dicam,
782 2641 812 2684 du
830 2642 893 2685 triste

123 2701 214 2752 (comme
234 2699 310 2742 accuse
338 2699 365 2742 de
391 2701 493 2743 tentative
521 2702 565 2745 etat
574 2702 601 2744 de
615 2715 667 2745 mon
682 2704 824 2747 client-8.
839 2704 889 2747 Aac

121 2760 259 2803 d'assassinat
269 2769 344 2804 contre
355 2774 406 2804 mou
418 2762 491 2814 frere).
522 2763 651 2815 timuissem,
668 2770 741 2806 s.-ent.
759 2765 820 2807 vino.
835 2766 890 2809 -9.

119 2821 217 2864 (ironove
227 2824 270 2865 cite
280 2824 308 2864 ici
324 2836 352 2864 un
364 2836 453 2878 passage
467 2825 493 2866 de
523 2826 551 2867 Te
560 2839 568 2867 :
578 2826 650 2869 c'estir
661 2840 700 2870 son
710 2829 761 2882 pere
772 2829 838 2882 qu’ici
852 2829 892 2873 De·

119 2882 373 2940 Cice1¹cn,quie1nploie
387 2883 408 2926 lc
421 2885 493 2927 meme
521 2886 613 2929 metrius
631 2887 744 2930 s'adresse.
760 2911 781 2918 —
800 2892 831 2933 10.
850 2889 891 2941 Tu,
