1904 3216
320 238 358 288 EX
374 237 444 287 ttvtt
459 239 546 288 LIBRU
564 239 625 289 xxt.
811 239 858 289 125

86 360 154 404 esset
163 354 306 404 certarnen!
322 353 372 402 tion
385 353 415 401 de
426 354 577 415 possessione
591 353 679 404 Siciliae
688 367 716 403 nc
730 354 857 412 Sardiniae,

87 425 220 487 dequibus
233 424 356 487 quondam
364 425 493 485 agebatur,
502 424 545 473 sed
555 438 600 487 pro
611 424 679 473 tutia
690 424 759 473 vobis
768 431 806 473 est
813 439 859 487 pu·

87 495 228 558 gnandunn
247 500 337 543 neoest
353 494 440 543 atiuso
454 499 524 556 tergo
537 494 671 551 exereitus,
688 495 742 558 qui,
755 494 805 544 uisi
814 508 859 546 nos

88 565 222 624 vincimus,
232 565 298 614 hosti
308 564 424 623 obsistat3
438 578 483 614 nee
495 566 567 628 Alpes
576 564 632 615 atie
642 571 710 617 sunt.
727 579 790 628 quas
798 566 860 616 dum

87 645 199 697 superat,
213 634 354 698 comparari
370 648 432 684 nova
448 636 546 698 possint
561 635 685 699 praesidia.
707 636 751 686 flio
770 642 808 687 est
817 637 860 686 ob·

88 705 215 764 standum‚
230 705 330 763 milites,
347 708 412 756 vetut
426 706 449 756 si
466 713 522 756 ante
536 708 643 756 Romans
659 706 859 770 mueniapnqneq

88 788 154 824 mus.
170 775 343 839 Unusquisque
359 790 386 824 se
398 790 448 825 non
467 790 557 839 corpus
567 791 652 835 suum,
665 777 709 826 sed
726 779 859 841 conjugem

88 860 118 896 ae
126 846 219 896 liberos
232 861 321 909 parvos
332 847 409 896 armis
418 854 547 909 protegere
559 854 643 911 putet:
656 862 700 898 nec
711 849 859 900 domesticas

89 917 170 966 solnm
177 917 253 979 agitet
261 931 343 975 curas,
352 918 396 967 sed
404 917 539 968 identidem
544 920 592 968 hoc
601 918 685 968 animo
696 925 860 981 reputetnos·

89 994 140 1038 tras
160 1001 228 1037 nune
243 987 335 1037 intueri
350 1002 439 1037 manus
455 996 568 1038 senatum
583 990 752 1052 populumque
771 991 860 1040 Roma-

87 1069 169 1106 num:
184 1057 267 1120 quatis
280 1063 364 1106 nostra
378 1059 414 1107 vis
428 1058 558 1121 virtusque
574 1060 657 1114 tuerit,
678 1060 754 1108 talem
770 1060 860 1112 deinde

88 1127 215 1176 tortunam
229 1127 296 1175 illius
307 1127 379 1176 urbis
392 1142 419 1176 ao
430 1127 532 1176 Romani
546 1127 645 1190 imperii
658 1128 720 1177 sore.

442 1324 504 1374 xctt

89 1447 150 1511 Gap.
167 1446 200 1496 ts
212 1452 239 1498 et
254 1448 296 1498 tt.
314 1447 398 1500 Oratio
413 1447 564 1498 Hannibalis
578 1447 670 1496 milites
685 1462 743 1496 suos
760 1446 859 1496 adhor-

432 1519 522 1572 tantis.

111 1640 215 1687 munibat,
225 1643 283 1680 rebus
292 1640 346 1688 prius
355 1651 412 1686 qutun
422 1641 488 1678 verbis
496 1638 629 1677 adhortandos
637 1637 709 1678 milites
719 1644 780 1682 ratus.
794 1649 816 1677 cn
833 1639 859 1678 ti-

90 1695 126 1724 vos
135 1686 213 1732 aliquot
222 1689 274 1723 inter
283 1696 305 1723 se
314 1684 426 1732 depugnare
433 1685 500 1732 J'ussit,
510 1685 600 1721 libertate
609 1683 680 1735 victori
689 1684 795 1731 proposito.
824 1695 860 1721 nne

90 1730 223 1767 conditionem
232 1734 252 1767 et
266 1730 303 1777 ipsi
318 1730 394 1766 ntnrres
404 1739 504 1776 accepere.
515 1734 543 1772 et.
552 1729 599 1766 dnm
611 1729 737 1780 pimicnrent,
748 1729 765 1765 is
778 1731 860 1766 natutus

90 1774 200 1811 animorum
211 1777 261 1810 inter
269 1776 382 1821 spectantes
392 1778 441 1814 erat.
451 1777 473 1809 ut
486 1783 524 1810 non
532 1775 649 1810 vincentium
660 1782 722 1819 inopis
738 1783 795 1824 quarn
810 1774 860 1810 hene

89 1818 225 1860 morientium,
234 1818 312 1855 tonnus
322 1817 442 1856 nudaretur.
452 1817 499 1854 Tum
510 1817 610 1859 Hannibal,
622 1820 715 1854 unrooutu
723 1826 821 1859 concione,
832 1817 859 1854 itu

90 1863 145 1909 opud
154 1871 188 1898 eos
199 1862 275 1899 loeutus
284 1864 356 1900 fertur:

118 1973 147 2016 le
157 1973 266 2029 spectante
282 1973 371 2017 otterti
387 1973 475 2016 l'armee
490 1980 523 2016 est
536 1986 579 2016 une
599 1975 670 2029 image
682 1975 710 2018 de
723 1987 746 2017 sn
757 1975 858 2029 position.

90 2036 208 2081 {Intermere
220 2039 248 2082 de
261 2038 385 2089 tonscttes,
399 2037 441 2081 etle
458 2039 493 2080 n'a
502 2038 529 2081 de
544 2039 621 2092 refuge
637 2037 699 2081 nulle
711 2044 772 2094 pnrt3
783 2039 799 2081 il
814 2039 861 2081 iant

92 2101 183 2143 rainero
200 2113 231 2143 ou
245 2101 342 2152 mourir;
360 2101 416 2142 mais
432 2099 573 2154 vninqueurs‚
589 2100 621 2143 les
635 2100 716 2143 soldnts
732 2100 862 2143 deviennent

92 2163 183 2204 mitres
197 2161 336 2204 d'immenses
348 2160 437 2203 tresors.
455 2160 510 2201 C’est
524 2160 545 2203 le
561 2167 630 2204 terme
646 2166 668 2203 et
686 2160 707 2203 la
721 2159 860 2214 ricompense

92 2222 120 2265 de
130 2222 192 2265 leurs
203 2220 266 2276 longs
279 2228 376 2264 unvani.
391 2244 418 2252 —
432 2221 459 2262 Ln
470 2220 593 2275 reputetion
605 2233 633 2264 ne
650 2220 725 2264 decide
741 2233 779 2275 pas
797 2221 824 2264 de
840 2220 860 2264 Ιι

92 2284 195 2329 victoire.
207 2284 311 2337 Aguerris
322 2295 360 2337 par
369 2284 428 2337 vingt
436 2295 474 2324 ans
482 2282 510 2325 de
517 2283 621 2334 eomhnts,
629 2281 662 2325 les
671 2282 781 2324 soldatsse
788 2283 861 2325 voient

93 2357 121 2388 en
131 2345 179 2388 iace
189 2345 255 2388 d'nne
265 2345 339 2388 armen
353 2357 424 2388 neure
437 2356 516 2387 encore
527 2345 568 2388 eti
577 2346 641 2400 peine
653 2343 741 2386 releves
749 2344 813 2387 d'une
824 2344 862 2388 dt-

93 2408 154 2451 tuin.
167 2408 246 2450 contre
258 2420 288 2450 un
302 2407 391 2461 general
408 2407 420 2449 t
436 2408 475 2462 qui
493 2413 539 2449 tout
550 2415 584 2450 est
596 2418 705 2456 nouvenu,
718 2406 806 2463 jusqu't
822 2418 862 2450 son

94 2468 176 2521 urmes,
188 2468 217 2511 ils
224 2475 261 2512 ont
269 2481 300 2511 un
308 2468 365 2520 chet,
373 2469 494 2523 rninqueur
504 2468 543 2510 des
552 2468 621 2522 Alpes,
632 2468 671 2522 qui
680 2467 712 2510 tes
719 2467 805 2510 connati
812 2475 861 2510 tous

94 2533 153 2574 nnssi
165 2531 217 2574 bien
230 2531 285 2586 qn'il
304 2537 337 2574 est
351 2542 422 2573 connn
433 2530 503 2572 d'eux.
514 2553 541 2561 -
552 2531 597 2580 Que
609 2530 642 2572 les
654 2528 734 2572 soldats
750 2536 863 2573 mesurent

94 2596 155 2637 leurs
165 2594 250 2643 forces3
260 2593 327 2649 qu'ils
341 2598 432 2646 songeut
445 2592 457 2633 i
471 2592 492 2634 ln
509 2605 574 2634 cause
591 2592 656 2647 qu'ils
674 2591 790 2635 defendent
799 2592 863 2635 :Cur-

94 2655 159 2708 thnge
167 2666 180 2696 n
189 2653 224 2696 ott
235 2652 305 2696 lassos
317 2665 356 2708 ptr
370 2653 402 2696 les
414 2652 506 2695 insultes
514 2653 541 2695 de
553 2652 621 2696 Rome
633 2653 685 2696 dont
695 2654 862 2696 l'envnhissnnte

95 2716 201 2772 potitique
211 2715 393 2770 mennoeJ'nsqu't
408 2714 522 2770 l'nirique.
542 2737 563 2746 -
576 2714 631 2759 C'est
640 2716 653 2758 t
663 2728 718 2758 ceux
730 2716 768 2770 qui
783 2720 820 2757 ont
832 2726 863 2757 un

96 2777 173 2834 refuge
182 2776 295 2820 d'oeouter
306 2776 327 2819 ta
341 2776 438 2819 crninte:
454 2776 486 2818 les
499 2775 580 2818 soldnts
594 2777 718 2820 d'llnnnihnt
733 2788 760 2818 no
769 2783 864 2830 pensent

97 2839 145 2895 plus
154 2850 198 2894 que
210 2838 298 2881 ninere
308 2849 338 2879 ou
348 2836 415 2892 perir.

127 2954 152 3004 si
161 2967 235 3016 quern
244 2953 356 3003 aurinum
366 2951 391 3002 in
403 2952 495 3006 etienae
503 2956 585 3009 sortis
594 2955 716 3021 exempto
726 2951 822 3017 punito
833 2954 900 2997 unse
