1904 3216
299 175 336 224 EX
351 175 420 225 Livii
435 176 522 226 inno
537 175 637 228 xxviii.
808 176 858 225 190

82 301 163 345 versa,
175 289 275 338 casibus
286 290 386 338 incertis
394 291 453 338 beili
463 298 487 339 et
498 292 604 340 iorinnae
613 290 792 355 delegereiid).
802 293 854 346 Quo

81 359 172 408 melior
178 358 316 420 fortiorque
328 375 363 416 es,
372 375 400 409 eo
410 361 488 423 inagis
498 360 573 410 ialern
582 360 711 423 presidem
719 360 767 408 sihi
774 362 853 422 patric

81 435 157 490 atque
168 429 280 478 universa
295 431 364 480 ltalia
379 432 477 480 retinet.

113 500 165 548 Non
173 507 241 562 potes
250 515 280 549 ne
288 501 340 562 inse
348 504 448 563 quidem
461 503 623 556 dissimulare.
632 503 674 551 nbi
683 502 853 559 iiannibaisii‚

81 567 118 617 ibi
126 579 199 631 ceput
207 578 282 632 atque
290 586 372 621 arcem
384 572 458 634 hujus
470 573 528 621 beili
536 587 590 622 esse
601 585 606 621 :
616 573 759 634 quippequi
773 577 855 634 prete

81 637 157 696 ieras,
175 655 229 689 earn
247 642 292 690 tihi
311 656 409 692 causam
425 643 562 703 trajiciendi
582 643 609 692 in
625 644 730 692 Africam
748 657 809 700 esse,
827 649 854 692 ut

82 710 242 760 Hannibalem
250 713 855 770 eotraiias.Sireliicieiiuinireiilincumdenni-

82 780 138 829 bale
144 788 183 830 est
190 781 234 830 tihi
243 783 324 831 future
332 797 381 832 res.
391 784 476 833 Uirum
489 785 588 832 tandem
595 796 655 845 ergo
663 782 759 831 tirmior
765 783 816 833 eris
826 783 855 833 in

82 850 855 917 Africasoius‚aniric,tuocniiegaequetuiexercituconjnncto‘?

82 919 117 969 lie
131 922 246 972 Claudius
257 925 357 986 quidem
370 934 395 974 et
410 926 491 974 Livius
501 925 613 974 consules
625 924 684 986 (15),
697 930 748 972 tarn
761 923 854 972 recenti

83 993 202 1055 exemplo.
221 1003 342 1056 quantum
357 997 381 1044 id
402 995 509 1051 intersit.
528 994 674 1044 documento
687 994 760 1042 sunt?
775 992 855 1049 Quid‘i

82 1062 243 1113 Hannibalern
251 1067 569 1115 uirnminndeinexiremus
579 1064 686 1125 eiiguins
693 1065 747 1124 egri
757 1064 853 1119 Bruttii,

81 1132 236 1197 eusteniam
247 1136 289 1185 diu
302 1144 439 1200 poscentem
448 1137 478 1185 eb
487 1135 666 1188 dommartiin,
675 1147 705 1181 en
716 1133 855 1195 propinqua

82 1203 203 1265 Carthago
217 1213 242 1255 et
253 1214 302 1256 tote
313 1209 378 1256 socia
389 1209 466 1257 Africa
480 1205 645 1268 potentiorem
656 1203 732 1252 uernis
745 1203 855 1265 virisque

83 1273 175 1324 faciet?
187 1276 254 1331 Qnod
267 1278 332 1326 istud
344 1277 476 1326 eonsilium
484 1283 528 1331 est,
536 1275 569 1323 ihi
578 1274 650 1323 malie
658 1275 800 1328 decernere,
811 1272 855 1331 ubi

81 1350 133 1394 tuce
142 1346 247 1397 dimidio
259 1349 367 1397 minores
376 1350 452 1409 copie
464 1347 522 1407 sint,
533 1347 642 1394 hostiurn
652 1345 731 1394 multo
741 1342 853 1405 majores.

81 1418 212 1477 quamubi
226 1419 324 1468 duobus
340 1419 486 1467 exercitibus
494 1417 704 1471 adversusunum,
715 1421 753 1464 tot
760 1413 855 1477 proeliis

81 1491 108 1535 et
121 1485 170 1544 iarn
185 1489 302 1538 diuturne
314 1498 337 1538 et
347 1490 415 1551 gravi
427 1488 515 1537 nriiitie
527 1488 627 1545 fessum,
635 1486 798 1549 pugnandum
808 1487 855 1536 siti

82 1555 160 1612 Quam
172 1571 272 1620 compar
285 1560 415 1608 consilium
432 1567 501 1607 inum
518 1559 629 1620 parentis
640 1559 677 1605 tui
695 1556 798 1606 consilio
810 1555 853 1613 sit,

80 1634 180 1690 reputa.
196 1630 240 1678 lile
253 1633 338 1680 consul
350 1632 475 1694 proiectus
487 1631 512 1678 in
521 1629 671 1690 Hispaniam,
684 1634 712 1677 ut
725 1627 854 1677 Hannibali

81 1695 113 1744 ab
123 1697 223 1758 Alpibus
233 1699 392 1748 descendenti
405 1705 556 1754 occurreret,
566 1697 591 1745 in
607 1698 700 1746 iteiianr
712 1711 741 1745 ex
751 1695 855 1756 provin-

82 1765 121 1815 cia
134 1767 230 1815 rediit:
249 1774 287 1826 tn,
299 1783 376 1831 quurn
392 1768 511 1816 Hannibal
525 1768 551 1815 in
568 1769 635 1817 italie
652 1768 694 1824 sit,
714 1766 855 1829 relinquere

83 1835 179 1884 ltalinrn
189 1851 273 1898 iteras
285 1853 333 1887 non
342 1839 401 1900 quia
414 1838 557 1899 reipubiicae
570 1839 593 1885 id
605 1838 676 1894 utile,
689 1837 734 1885 sed
744 1837 801 1897 quia
809 1835 854 1884 tibi

82 1907 193 1968 amplum
205 1914 231 1956 et
243 1910 377 1970 gloriosum
390 1922 475 1957 censes
483 1923 536 1957 esse
549 1909 719 1969 :sicutqnnnn
728 1906 854 1968 provincia

81 1979 224 2028 etexercnu
232 1980 326 2035 relicto,
337 1981 389 2028 sinc
397 1980 459 2039 iege,
469 1979 523 2028 sine
532 1979 751 2031 cerneuseonsune,
760 1976 855 2024 duabus

81 2049 197 2107 naribus,
213 2051 297 2112 popuii
309 2051 408 2099 iiornnni
420 2051 553 2111 imperator
565 2051 688 2096 sortimnm
701 2048 822 2108 pubiicum
830 2051 854 2094 et

81 2118 233 2181 majestatem
243 2123 352 2183 imperii,
365 2136 420 2184 ane
432 2132 485 2172 inin
497 2121 523 2168 in
539 2127 583 2168 tuo
593 2118 854 2180 capiiepericiiiabnn-

82 2190 293 2248 tundiminisisti.
307 2194 364 2253 Ego,
373 2193 456 2239 Patres
463 2190 607 2250 Conscripti,
622 2191 646 2236 Ι).
656 2188 797 2237 Cornelium
805 2186 854 2234 rei·

81 2259 188 2321 pubiicae
203 2262 331 2322 nobisque,
347 2263 449 2310 nonsibi
460 2262 506 2323 ipsi
518 2260 632 2322 privatim
644 2264 755 2307 creatum
767 2270 855 2306 consu-

82 2327 130 2377 lem
151 2331 264 2380 existimo
282 2348 287 2380 :
305 2333 476 2394 exercitusque
494 2331 524 2378 ad
544 2330 679 2378 cusiodicni
698 2328 767 2377 urhis
779 2333 854 2389 eique

82 2401 158 2451 liaiiae
168 2405 271 2467 scriptos
282 2420 343 2463 esse,
358 2420 404 2454 non
418 2420 479 2465 quos
493 2403 563 2465 regio
575 2416 643 2451 more
655 2415 699 2464 per
710 2395 853 2462 superbiam

81 2474 203 2530 consules,
215 2488 264 2535 quo
278 2483 401 2524 terrerum
413 2475 497 2529 velini,
509 2473 645 2534 trajiciunt.

81 2593 162 2650 qu'eiie
180 2597 239 2639 croit
256 2595 347 2639 deniers
362 2609 391 2638 en
414 2594 455 2637 ite·
481 2593 544 2636 buer.
554 2594 618 2636 -15.
625 2590 764 2635 Claudimi
773 2589 854 2634 Livius

81 2655 167 2700 lie...»
185 2657 291 2713 (Amyci.)
304 2658 371 2701 —1i.
391 2656 455 2699 Deie-
481 2652 591 2703 conniis,
611 2665 675 2708 verer
697 2651 731 2696 ies
753 2651 854 2696 Dieeourn

81 2718 456 2775 aare,rcuvoyerd...,pourtniiri·
481 2713 660 2760 dxiiii-dxxxi.
