1904 3216
292 201 331 251 ux
347 202 492 252 §.lluustll
506 202 650 253 catulla.
812 201 858 249 415

88 316 247 365 multitudine
266 316 387 366 conductu
408 331 453 379 pcr
469 317 519 367 rim
538 317 686 379 eripiantur.
707 315 781 372 Quasi
800 329 859 364 roro

87 388 146 435 mali
160 394 234 450 atque
244 388 342 438 scelesti
351 390 522 438 tantummodo
530 389 625 438 innrbe
633 395 657 437 et
668 402 717 436 uon
727 401 771 448 per
782 393 859 435 totam

88 459 185 507 ltaliam
195 458 254 516 siut,
264 464 366 508 autnon
380 458 414 507 ibi
427 461 482 522 plus
494 459 572 522 possit
585 458 696 515 audacia,
714 458 757 506 ubi
774 458 803 505 al
816 458 860 506 de·

87 528 236 577 tendendum
249 543 308 592 opes
322 529 432 578 minores
449 537 515 579 sunt.
538 529 618 584 Quare
633 542 723 577 vanum
743 527 859 591 equidem

87 598 135 647 hoc
146 598 278 648 consilium
288 604 333 658 est,
347 599 369 649 si
382 599 524 662 periculum
544 597 638 647 exiliis
659 597 762 652 metuit:
788 597 809 646 si
832 596 859 645 in

89 674 156 718 tanto
164 669 277 718 omnium
291 676 360 718 metu
370 671 439 719 solus
448 682 499 718 non
507 669 589 726 timet,
598 681 626 718 eo
638 668 719 730 magis
728 668 805 717 r'eiert
819 679 860 717 me

88 740 151 790 mihi
166 747 241 804 atque
257 741 326 791 robis
338 742 436 791 timere.

119 810 200 867 Quare
213 826 288 873 quom
304 813 334 861 de
346 813 372 861 P.
389 812 491 863 Lentulo
509 811 648 872 ceterisque
666 811 791 867 statuetis,
813 823 860 872 pro
929 822 933 829 ·

89 889 155 932 certo
165 881 289 940 habetote,
301 895 343 930 ros
356 881 431 930 simul
440 882 471 931 de
477 881 587 930 exercitu
597 881 708 930 Catilinae
713 886 738 930 ot
744 881 774 929 de
781 879 861 930 omni·

90 954 135 1003 bus
148 953 283 1014 conjuratis
296 953 439 1003 decernere.
454 952 551 1008 Quanto
566 965 610 1002 vos
627 951 747 1001 attentius
757 964 786 1001 ea
799 965 860 1013 age·

91 1021 130 1080 lis,
144 1028 214 1071 tanto
230 1021 282 1070 illis
295 1020 597 1080 animusinllrmiorerit;
609 1021 779 1085 sipaullulum
788 1021 861 1071 modo

91 1104 131 1140 ros
141 1090 259 1150 languere
272 1090 391 1148 viderint,
403 1091 457 1154 jam
469 1103 557 1140 omnes
566 1091 663 1139 feroces
676 1089 790 1139 aderunt.
809 1088 860 1139 lio-

91 1162 133 1211 lite
145 1160 296 1210 existumare
309 1161 414 1223 madores
425 1168 524 1210 nostros
542 1160 618 1210 armis
630 1159 809 1222 rempublicam
832 1173 862 1210 ex

91 1243 163 1293 parva
174 1243 289 1292 magnam
303 1231 397 1279 iecisse.
415 1231 439 1279 Si
449 1230 484 1279 ita
496 1243 538 1279 res
547 1234 622 1288 esset,
629 1229 708 1278 multo
715 1228 862 1291 pulcherru-

91 1313 157 1348 mam
166 1313 221 1348 eam
234 1313 279 1348 nos
291 1301 454 1359 haberemus3
474 1299 567 1362 quippe
582 1297 707 1348 sociorum
733 1304 808 1359 atque
823 1295 862 1348 ci·

90 1369 166 1426 rium,
181 1376 300 1430 praeterea
311 1383 439 1419 armorum
452 1376 526 1431 atque
543 1382 663 1432 equorum
688 1366 768 1429 major
792 1366 862 1430 copia

90 1438 160 1488 uobis
168 1451 243 1501 quarn
255 1439 305 1488 illis
316 1447 361 1488 est.
376 1441 421 1489 Sed
434 1440 484 1489 alia
496 1440 568 1488 suero
578 1451 634 1501 quae
648 1438 706 1488 illos
714 1450 819 1500 magnos
828 1437 863 1487 le·

90 1522 154 1565 cere,
166 1522 221 1571 quae
233 1509 304 1559 nobis
314 1510 381 1559 nulla
394 1516 462 1567 sunt,
473 1510 540 1560 domi
551 1508 685 1566 industria,
697 1508 760 1558 ioris
765 1507 862 1571 justum

92 1578 234 1640 imperium,
248 1580 346 1630 animus
357 1581 384 1630 in
397 1581 550 1631 consulendo
570 1579 644 1636 liber,
666 1593 748 1642 neque
773 1578 862 1628 delicto

90 1663 172 1711 raeque
186 1650 291 1699 lubidini
304 1651 431 1700 obnoxius.
444 1650 492 1700 Pro
505 1652 544 1700 liis
556 1664 602 1700 nos
614 1649 863 1699 habemusluxun'am

91 1727 165 1783 atque
178 1722 314 1779 avaritiam,
327 1723 426 1784 publice
445 1730 589 1784 egestatem,
614 1722 732 1784 privatim
756 1721 862 1782 opulen-

91 1792 168 1849 tiam;
184 1793 314 1842 laudamus
327 1793 433 1850 divitias,
443 1792 863 1854 sequimur-inertiam,interbonos

93 1870 117 1912 ct
131 1863 209 1912 malos
224 1863 360 1913 discrImen
370 1866 468 1913 nullum
482 1869 533 1921 cst;
551 1865 633 1912 omnia
648 1862 748 1911 uirtutis
762 1858 863 1924 praemia

91 1932 193 1982 ambitio
206 1933 326 1995 possidet.
341 1933 424 1996 Neque
445 1933 538 1981 mirum
566 1944 572 1980 :
596 1932 639 1982 nbi
661 1946 702 1980 sos
727 1928 863 1991 separatim

92 2002 140 2051 sibi
156 2003 262 2066 quisque
281 2004 414 2053 consilium
432 2002 524 2064 capitis,
545 2002 590 2052 ubi
604 2002 670 2051 domi
684 2000 862 2063 voluptatibus,

93 2074 133 2122 liic
146 2075 257 2135 menariae
270 2081 314 2122 aut
326 2073 414 2134 gratiae
424 2072 528 2132 servitis,
542 2085 572 2120 eo
584 2072 651 2121 litut
662 2071 769 2132 impetus
782 2068 826 2117 dat
835 2068 862 2116 in

93 2158 196 2194 racuan.
208 2145 399 2206 rempublicam.
409 2146 455 2194 Scd
467 2157 514 2206 ego
526 2143 579 2194 haec
590 2144 688 2193 omitto.

123 2215 288 2278 conjuravere
299 2212 457 2264 nobilissumi
462 2214 529 2263 cives
539 2214 646 2276 patriam
654 2212 785 2261 incendere
789 2226 796 2268 ;
810 2209 864 2259 Gal·

94 2286 175 2334 lorum
185 2290 284 2347 gentem
297 2284 492 2333 infestissumam
502 2281 596 2331 nomini
607 2283 714 2330 llomono
726 2280 756 2328 ad
769 2278 864 2327 bellum

92 2363 238 2413 accersunt;
254 2356 304 2404 dux
317 2354 427 2404 bostium
438 2367 494 2403 cum
511 2353 621 2404 exercitu
632 2365 708 2413 supra
720 2355 795 2410 caput
806 2354 862 2400 est:

94 2438 134 2474 vos
149 2424 299 2473 cunctamini
311 2423 461 2481 etiamnunc,
477 2421 537 2485 quid
549 2421 616 2471 intra
628 2419 719 2467 moenia
735 2416 865 2478 deprensis

94 2494 206 2544 bostibus
219 2494 331 2543 faciatis?
344 2491 517 2548 llisereamini,
531 2503 618 2540 censeo
636 2488 680 2551 (d),
695 2515 726 2525 -
737 2487 865 2548 deliquere

95 2564 206 2614 homiues
215 2563 393 2613 adulescentuli
406 2576 450 2626 per
463 2560 632 2617 ambitionem,
650 2564 769 2622 -atque
788 2556 865 2607 etiam

95 2641 203 2684 armatos
215 2634 355 2682 dimittatis.
371 2634 413 2682 liae
425 2633 473 2681 ista
486 2631 556 2680 robis
572 2628 734 2680 mansuetudo
746 2634 772 2678 et
786 2626 865 2679 misc·

95 2788 272 2839 tiamsamitur,
282 2788 303 2831 le
313 2795 359 2831 mot
367 2788 466 2844 poputu-
491 2811 518 2818 -
542 2787 563 2831 t.
588 2785 679 2837 Cenaeo,
705 2794 759 2828 aroc
779 2781 864 2839 ironia.

95 2852 156 2893 ritas
172 2863 196 2892 se
206 2850 274 2905 prend
284 2862 341 2906 pour
349 2850 465 2904 participa·
491 2846 634 2891 commodans
640 2857 683 2888 une
688 2844 866 2900 phrasecembla·

98 2911 163 2954 ¹»lond
177 2917 238 2954 toute
253 2911 330 2966 cspdce
340 2909 366 2952 do
376 2909 465 2954 socidtd.
491 2911 528 2955 ble
538 2911 565 2955 de
573 2907 884 2966 laquatri‘emebatlima'ne„
