1906 3690
246 552 397 675 finum
412 585 561 635 mnauuu
579 584 665 635 uum
683 587 726 636 u1.
827 594 873 644 cae

103 704 180 752 unius
195 708 238 752 aut
248 700 352 751 alterius
367 700 521 750 imbecillum
537 699 649 750 animum
659 701 723 751 male
744 702 809 766 eripi
820 718 875 754 ma·

103 773 160 822 ritis
167 771 380 822 consortiererum
387 770 551 819 secundarum
560 769 772 832 adversarumque
783 786 789 818 :
800 771 876 822 simul

103 857 190 892 sexum
203 848 291 891 natura
302 840 438 890 invalidum
453 839 535 888 deseri
544 845 569 887 et
579 839 668 901 exponi
684 854 730 889 suo
749 841 811 890 luxu
832 843 875 904 (5),

102 913 260 975 cupidinibus
273 910 371 960 alienis.
384 911 428 959 Vix
440 910 557 972 praesenti
571 909 681 960 custodia
693 925 793 962 munere
799 911 876 963 illaeso

103 983 218 1045 conjugia
230 1000 236 1029 :
246 982 307 1044 quid
316 983 377 1041 fore,
388 981 410 1031 si
419 995 463 1044 per
474 981 560 1044 piures
569 994 647 1031 anuos
661 981 689 1030 iu
714 983 817 1032 modum
841 983 877 1032 di-

103 1053 174 1102 scidii
195 1051 379 1101 obliterentur‘i
394 1051 433 1099 Sic
448 1050 545 1103 obviam
560 1051 625 1101 irent
644 1051 677 1102 iis
700 1066 756 1115 quae
769 1053 829 1103 alibi
842 1053 876 1117 (6)

102 1132 274 1186 peccarentur,
289 1127 317 1170 ut
324 1120 478 1183 flagitiorum
487 1120 558 1171 Urbis
571 1121 751 1172 meminissent.

457 1301 517 1352 xvlr

146 1446 202 1510 Cap.
215 1443 256 1493 50.
273 1444 357 1496 Oratio
374 1445 406 1494 Μ.
421 1444 520 1508 Lepidi,
531 1444 558 1490 in
568 1443 661 1494 &natu
676 1446 707 1494 da
723 1444 825 1496 Luiorio

365 1515 460 1566 Prisco.
478 1514 543 1577 (L’an
557 1515 607 1578 m.)

123 1659 141 1693 C.
151 1656 252 1707 Lutoriuin
261 1655 353 1698 Priscum.
363 1653 448 1702 equitem
463 1656 576 1706 Romanum,
591 1660 636 1703 post
645 1655 723 1694 celebre
737 1666 817 1694 carmen
833 1666 872 1704 quo

100 1701 206 1739 Germanici
219 1709 312 1781 ⁵uffi¹s⁰s¹¹³
331 1699 444 1743 defleverat,
454 1709 535 1746 pecunia
544 1699 637 1738 donatum
646 1711 657 1737 a
666 1702 754 1754 Caesare„
765 1700 817 1738 couri
832 1711 869 1738 ue-

100 1745 223 1798 ratfdelator.
234 1755 246 1798 p
258 1748 334 1791 pectens
346 1753 395 1791 apro
409 1743 466 1781 druso
474 1744 667 1796 composuisseouod.
678 1747 697 1783 ai
705 1748 807 1797 metaneam
815 1711 873 1796 siret,

100 1797 259 1872 utimedici
272 1788 798 1882 tii“tatiaqitniimtiiitmintiiruidit
812 1790 874 1872 citit:
919 1809 921 1813 ’

101 1883 142 1961 ἔξω
149 1888 186 1960 ιτιοο
197 1878 288 1916 ultimum
297 1876 413 1926 supplicium
423 1887 428 1910 =
438 1859 541 1914 connais.
552 1876 637 1926 Lepidus
648 1877 667 1914 in
682 1878 735 1916 hunc
745 1879 824 1916 modum
831 1878 873 1916 die-

122 1934 154 1961 rur
173 1932 178 1956 =

124 2022 153 2064 Lo
162 2021 281 2064 chatiment
289 2032 317 2062 ne
325 2019 371 2063 doit
380 2019 441 2074 point
450 2019 496 2062 dtre
507 2019 596 2067 mesurd
603 2032 632 2063 au
643 2020 712 2063 crime
721 2021 748 2064 de
757 2019 870 2074 Lutorius,

99 2083 154 2124 mais
165 2081 295 2135 re'pondred
309 2079 329 2122 la
344 2079 481 2123 moderatior
493 2080 524 2123 du
535 2081 619 2134 prime,
631 2080 672 2123 die
684 2080 785 2125 boutddu
800 2082 869 2126 sinat.

99 2143 366 2198 Pointd'impunite‚mais
375 2141 431 2184 dola
443 2141 567 2193 clemonem
582 2154 663 2186 cesum
682 2143 770 2197 plaired
785 2143 870 2186 'iiber-e.

98 2207 208 2258 imerius,
221 2207 318 2261 quoique
331 2203 511 2259 coupable‚n'est
521 2216 559 2258 pes
569 2204 696 2258 dongereux
703 2219 709 2255 ;
716 2204 769 2259 qu’ii
780 2205 823 2247 soit
832 2204 870 2248 de·

98 2266 181 2322 pouilld
193 2267 220 2310 de
228 2266 334 2308 seshieus
342 2271 364 2308 et
374 2264 456 2320 europe
469 2277 498 2306 en
511 2264 563 2307 exil.

130 2401 162 2457 Si,
169 2401 253 2449 Patres
259 2399 403 2461 Conscripti‚
414 2413 494 2449 unum
501 2399 526 2448 id
534 2405 682 2461 spectamus,
694 2398 870 2462 quamneiuria

97 2485 156 2519 voce
166 2471 191 2519 G.
205 2470 430 2520 LutoriusPriscus
441 2476 548 2519 mentem
566 2483 637 2519 suam
651 2476 676 2518 et
690 2483 764 2518 aures
788 2469 870 2519 homi·

98 2554 157 2588 num
169 2540 295 2602 polluerit,
308 2553 388 2601 neque
402 2553 495 2594 carcer,
505 2551 587 2599 neque
598 2539 712 2600 laqueus,
724 2552 756 2587 ne
767 2540 870 2590 serviles

97 2611 199 2672 quidem
212 2611 337 2659 cruciatus
349 2609 376 2657 in
385 2623 442 2658 eum
457 2608 601 2674 suffecerint
615 2625 621 2654 :
638 2608 674 2656 sin
686 2608 780 2669 flagitia
793 2615 819 2658 et
832 2609 869 2659 sa-

96 2682 180 2730 cinora
194 2681 247 2730 sine
258 2680 331 2729 modo
343 2685 409 2737 sunt,
422 2679 551 2742 suppliciis
567 2693 596 2728 ac
608 2678 725 2728 remediis
744 2678 776 2743 ii)
799 2679 870 2729 Prin-

96 2750 159 2812 cipis
175 2750 310 2798 moderatio
322 2749 495 2812 majorumque
510 2755 534 2797 et
548 2755 628 2797 vestra
644 2749 756 2809 exemplu
775 2754 870 2812 tempe·

96 2827 161 2880 rant,
176 2827 201 2870 et
213 2835 274 2869 vana
286 2820 427 2873 ascelestis‚
443 2820 533 2867 dictae
551 2818 679 2867 maleficiis
693 2819 824 2877 discernae
832 2825 870 2869 est

96 2895 165 2943 locus
178 2892 314 2949 sententiae,
327 2904 373 2954 per
382 2904 458 2954 quam
469 2904 552 2953 neque
565 2889 623 2940 huic
640 2890 759 2940 delictum
768 2890 870 2953 impune

40 2962 43 2967 ’
96 2964 137 3020 sit,
150 2971 175 3013 et
184 2977 229 3012 nos
239 2961 376 3011 clementiae
384 2961 460 3009 simul
480 2976 507 3010 ac
527 2961 667 3010 severitatis
683 2961 866 3023 uonpoeniteat.

96 3036 163 3098 Saepe
177 3034 260 3083 audivi
273 3032 415 3095 Principem
427 3037 542 3083 nostrum
558 3038 753 3095 conquerentem
773 3032 795 3080 si
810 3031 868 3094 quis

94 3205 148 3235 ceux
161 3191 198 3234 des
208 3190 295 3233 uetanis
303 3190 330 3232 de
340 3191 360 3233 le
368 3189 469 3244 femme).
522 3187 588 3233 xiii.
609 3190 632 3231 i.
655 3184 784 3232 Remediis
803 3170 905 3233 issent·

92 3252 146 3293 -5,
161 3251 234 3299 luxu,
248 3250 312 3294 datis.
322 3275 348 3282 -
357 3250 379 3296 6.
396 3249 469 3305 Arioi,
494 3253 669 3308 peccatorum}
683 3259 745 3302 pour
761 3240 857 3298 penis.
866 3233 922 3273 m

81 3311 135 3352 daus
145 3310 177 3352 les
182 3312 309 3365 provinces.
497 3315 588 3360 uer-bes
595 3311 745 3370 temperent
756 3311 784 3347 et
794 3290 933 3351 ‘liffeim
