1904 3216
109 216 156 266 500
393 238 398 246 ¹
413 213 575 266 cannones

108 328 246 390 gens‚nihil
255 328 303 377 nisi
310 328 399 378 ssuetus
407 333 431 378 et
438 325 690 378 saxa:etinfestiores
697 324 879 389 Romanique

108 413 165 447 rum
176 399 318 461 superbiam
330 400 423 448 frustra
434 412 478 461 per
490 395 638 459 obsequium
646 401 671 445 et
683 395 830 444 modestiam
839 395 883 445 ei·

108 469 201 531 fugeris
211 486 216 515 :
226 474 337 532 raptores
342 469 410 518 orbis
423 473 554 531 postquam
565 472 655 515 cuncta
669 465 820 514 vastantibus
837 465 884 516 de-

108 539 177 587 fuere
189 544 271 595 terrae,
284 542 537 587 etmarescrutantur
551 552 557 583 ε
571 536 592 584 si
605 535 714 598 locuples
733 533 815 584 bostis
831 541 882 594 est,

108 608 190 668 avari;
203 608 225 658 si
237 622 339 671 pauper,
351 608 476 658 ambitiosi
489 624 495 654 :
506 620 569 670 quos
582 607 736 664 panonicos,
750 618 802 654 non
815 607 885 658 occi·

109 679 168 727 dens
179 678 320 736 satiaverit;
333 678 379 726 soli
387 678 500 727 omnium
509 691 568 740 opes
579 683 654 738 atque
666 675 836 739 inopiampari
848 679 885 728 ai-

109 749 363 811 sectuconcupiscunt.
378 749 490 803 Auferre.
499 747 633 804 trucidare,
645 760 733 810 rapere
749 746 822 797 falsis
832 761 885 799 no-

109 818 218 867 minibus
226 817 367 882 imperium.
377 824 460 881 atque,
468 817 512 866 ubi
519 816 677 866 solitudinem
682 815 786 873 iaciunt,
788 830 884 880 pacem

109 892 239 954 appellant.

138 963 237 1010 Liberos
249 962 339 1024 cuique
349 976 376 1011 ac
385 962 539 1025 propinquos
555 975 614 1011 suos
630 966 721 1010 natura
732 960 883 1014 carissimos

109 1046 162 1082 esse
175 1033 254 1081 uoluit
267 1050 273 1080 ε
288 1033 316 1082 hi
330 1047 375 1094 per
386 1034 494 1082 delectus
508 1033 567 1082 alibi
579 1032 695 1081 servituri
709 1031 881 1095 auferuntur;

109 1102 224 1164 conjuges
232 1101 738 1165 sororesque‚etiamsihostilemlibidinem
745 1101 881 1164 effugiant,

109 1173 209 1221 nomine
222 1173 357 1222 amicornm
371 1179 445 1236 atque
455 1172 581 1236 hospitum
591 1172 744 1234 polluuntur.
757 1172 883 1225 Bonat'or-

109 1250 231 1307 tubasque
242 1245 270 1292 in
279 1245 526 1305 tributumlegerunt
543 1257 617 1292 annos
626 1243 661 1306 (3)
673 1243 879 1294 intrumentum:

109 1328 212 1377 corpora
225 1314 408 1375 ipsaacmanus
420 1313 489 1362 silvis
497 1328 525 1362 ac
537 1313 665 1376 paludibus
674 1313 834 1363 emuniendis
846 1314 881 1378 (i)

109 1384 175 1433 inter
185 1384 286 1433 verbera
302 1398 330 1432 ac
345 1383 503 1433 contumelias
518 1389 658 1432 conterunt.
679 1383 738 1431 Nata
759 1385 883 1436 servituti

109 1455 230 1517 mancipia
241 1456 316 1503 semel
329 1460 442 1512 veneunt,
456 1459 528 1516 atque
539 1456 607 1503 ultro
617 1467 631 1502 a
642 1453 747 1503 dominis
756 1455 880 1514 aluntur3

7 1551 9 1554 -
85 1587 86 1591 Ἰ
109 1524 235 1572 Britannia
246 1523 392 1572 servitutem
403 1537 475 1572 suam
494 1523 603 1584 quotidie
614 1523 683 1580 emit,
700 1523 882 1587 quotidiepas·

7 2752 13 2781 i

7 2790 21 2869 ὲ,

109 1595 144 1644 cit
157 1611 162 1640 :
178 1608 206 1642 ac
218 1594 282 1643 sicut
292 1594 318 1643 in
324 1594 417 1642 familia
429 1594 615 1643 recentissimus
628 1593 733 1656 quisque
744 1608 883 1646 servorum

109 1665 184 1713 etiam
195 1664 320 1713 conservis
331 1663 438 1712 ludibrio
450 1670 495 1720 est,
507 1664 581 1713 sicin
600 1665 646 1714 hoc
665 1663 731 1712 orbis
748 1669 883 1716 terrarum

108 1739 190 1783 vetere
203 1734 321 1783 famulatu
332 1733 389 1782 novi
401 1747 446 1783 nos
462 1740 487 1782 et
498 1734 559 1782 viles
571 1734 599 1782 iu
616 1733 738 1783 excidium
749 1734 881 1796 petimur;

109 1817 188 1866 neque
199 1803 266 1852 enim
277 1818 334 1853 arra
351 1805 430 1860 nobis,
444 1810 486 1852 aut
505 1805 611 1861 metalla,
634 1811 677 1853 aut
694 1809 781 1866 portus
804 1812 879 1866 sunt,

109 1875 198 1937 quibus
207 1876 348 1924 exercendis
360 1888 522 1924 reservemur.
537 1874 619 1924 Virtus
628 1888 703 1938 porro
710 1874 881 1941 acserocia(5)

109 1946 277 2007 subjectorum
292 1946 392 2007 ingrata
404 1945 602 2007 imperantibus:
616 1951 640 1993 et
654 1943 826 2006 longinquitas
853 1961 884 1999 ac

108 2022 230 2064 secretum
243 2016 325 2078 ipsum
338 2029 387 2078 quo
398 2016 488 2071 tutius,
502 2028 530 2063 eo
547 2015 694 2077 suspectius.
715 2013 760 2072 lta,
779 2017 884 2068 sublata

109 2099 153 2147 spe
163 2086 250 2141 veniae,
264 2086 363 2135 tandem
374 2085 465 2134 sumite
483 2085 602 2145 animum,
623 2092 673 2134 tam
688 2084 779 2146 quibus
800 2089 882 2152 salus,

109 2170 184 2219 quarn
195 2156 286 2219 quibus
297 2157 376 2218 gloria
392 2155 521 2206 carissima
532 2162 578 2206 est.
594 2156 723 2219 Brigantes
738 2153 771 2219 (6)
783 2157 885 2211 femina

109 2313 198 2358 edition.
222 2336 250 2345 —
272 2313 293 2357 3.
312 2312 397 2366 Annos,
423 2325 479 2371 pour
505 2313 884 2375 prorisioudcbldctdefourrope

109 2388 199 2420 annuos
210 2377 345 2431 prouentus.
358 2375 413 2418 G’est
422 2376 478 2419 ainsi
506 2379 549 2431 (ces
560 2377 659 2420 derniers
669 2382 724 2420 mota
736 2383 787 2420 sont
795 2377 809 2419 a
817 2379 885 2434 aion·

109 2450 152 2492 qus
174 2437 246 2480 Tacite
260 2437 293 2480 dit
310 2434 348 2478 des
367 2435 479 2480 Germains
506 2445 539 2482 ter
552 2438 605 2480 dans
619 2439 651 2483 les
662 2437 843 2494 Dictionuaires).
854 2465 884 2474 -

110 2498 201 2552 (Germ,
216 2498 250 2541 ch.
269 2497 321 2552 idi:
345 2496 388 2541 Nec
407 2510 479 2541 arare
505 2499 526 2542 t.
541 2499 612 2543 Silvis
630 2511 659 2543 oc
674 2497 802 2555 paludibus
814 2512 885 2544 emu-

110 2565 198 2603 terram
222 2563 245 2604 ct
267 2562 389 2616 expectare
411 2573 479 2604 aunon
506 2560 605 2612 ciendis,
622 2559 756 2604 cest-adiro
775 2558 823 2602 viis
836 2574 886 2616 per

111 2627 158 2665 tam
170 2622 241 2677 facilc
248 2621 394 2678 persuaseris
408 2635 478 2678 quaem
505 2624 577 2666 siloas
589 2625 612 2666 et
623 2622 723 2679 paludes
732 2622 883 2668 muniendis.

109 2696 192 2727 vocare
212 2684 305 2727 bostem.
326 2684 477 2729 Frumentum
503 2706 531 2718 -
543 2686 564 2729 5.
583 2682 689 2735 derceio,
704 2693 798 2736 courags
811 2691 882 2728 natu·

110 2750 160 2801 pent
176 2746 223 2788 etro
239 2746 320 2789 traduit
331 2759 387 2800 par:
402 2760 478 2803 appro-
503 2744 885 2800 rel,brarouro.-6.Bripautes.·

63 2820 67 2825 ·
109 2806 327 2853 risionnementsaic
346 2807 410 2851 verbe
425 2812 479 2864 fru-
505 2809 559 2851 dans
579 2807 611 2850 les
636 2805 745 2859 Annales,
767 2805 821 2859 xlv,
844 2809 884 2854 ab.

103 2869 211 2913 mentori
218 2877 251 2914 eat
260 2869 307 2915 bes
317 2869 478 2927 iriquemment
504 2869 537 2921 ³1.
555 2869 626 2912 Tacito
639 2880 728 2911 nomme
742 2868 775 2910 les
793 2866 882 2913 Trino-

93 2932 200 2992 employa
210 2946 270 2996 pour
284 2935 335 2982 diro
348 2946 354 2980 :
368 2932 425 2981 alter
437 2934 450 2980 a
461 2933 485 2980 ia
509 2927 884 2986 bontra,maisbasoiudaiouter
