1904 3216
296 203 334 252 ul
349 203 418 252 Llllll
434 201 520 252 LlBllO
536 201 656 253 litun.
816 202 861 251 285

94 319 193 371 Gallicis
203 325 318 368 oneratos
326 317 412 376 armis,
425 317 524 368 sicutin
537 318 589 367 acie
602 317 716 368 Antiochi
726 316 860 377 cecidistis,

94 390 171 440 victos
182 389 287 438 victores
299 388 408 439 cedetis.
423 388 499 450 llagls
514 389 539 438 id
550 402 645 445 vereor,
660 401 691 437 ne
704 402 793 450 parum
804 388 862 437 inde

93 461 190 521 gloriae,
205 472 280 522 quam
294 473 327 508 ns
337 459 445 508 nimium
458 458 517 509 belli
527 459 568 508 sit.
583 460 681 509 Attalus
691 473 732 508 eos
746 472 862 522 rexsaepe

93 529 862 592 luditfugavitque.Noliteexistimare,bclluustautumrecens

93 607 178 664 captas
188 601 315 650 lenitatem
325 600 395 649 illam
404 600 545 650 silvestrem
556 599 637 661 primo
644 612 752 658 servare,
761 598 860 656 deinde,

94 668 862 735 quumdiumanibuslrumanisalantur,mitescere;inhomi-

95 755 156 790 num
167 742 265 791 leritate
278 740 409 790 mulcenda
422 754 473 791 non
487 742 591 791 eandem
601 750 716 790 naturam
728 754 791 790 esse.
802 740 862 789 llos·

91 807 180 857 demue
185 804 231 854 hos
238 803 342 854 creditis
347 817 409 855 esse,
415 803 458 864 qui
468 808 552 865 patres
558 816 647 852 eorum
654 802 744 864 avique
750 798 876 853 luerunt?-

91 881 204 925 extorres
211 872 295 936 inopia
305 872 548 935 agrorumproiecti
561 873 634 921 donno
641 886 685 935 per
698 872 864 934 asperrimam

92 944 185 1009 lllyrici
196 957 275 999 cmm,
286 943 410 992 Paeoninm
418 944 477 992 inde
485 951 509 992 et
520 941 656 995 Thraciam.
667 943 801 1005 pugnando
806 956 865 993 cum

90 1014 252 1067 ferocissimis
259 1013 383 1076 gentibus,
396 1011 501 1068 emensi,
507 1013 554 1062 has
562 1019 780 1076 terrasceperunt.
788 1013 865 1063 Ilum.

90 1090 223 1135 toseostot
231 1084 304 1133 malis
314 1087 520 1145 exasperatosque
533 1082 630 1145 accepit
639 1088 716 1140 terra,
728 1095 784 1144 quae
794 1081 864 1145 copia

89 1153 862 1215 rerumomuiumsavvinuret.llbemimoegro,mitissimocoelo,

88 1225 254 1278 clementibus
263 1226 403 1275 accolarum
414 1224 531 1287 ingeniis,
541 1225 624 1274 omnis
633 1225 684 1279 illa,
698 1237 755 1273 cum
767 1237 865 1285 quave·

88 1305 189 1354 nerant,
198 1298 366 1345 mansuefacta
373 1302 411 1343 est
421 1295 519 1344 teritos.
531 1296 611 1350 Vobis,
618 1296 770 1351 mehercule,
779 1295 863 1345 llartia

88 1368 152 1417 viris
168 1367 211 1431 (l),
222 1366 331 1416 cavenda
340 1380 368 1415 ac
381 1365 499 1427 fugienda
515 1366 716 1429 quamprimum
733 1366 863 1417 amoenitas

87 1444 128 1489 est
139 1437 210 1488 lsive.
221 1439 324 1487 Tantum
332 1437 516 1500 lneperegriuve
524 1436 699 1500 voluptatcsad
706 1436 864 1499 exstinguen-

88 1511 148 1560 dum
160 1510 271 1570 vigorem
281 1510 423 1558 animorum
429 1514 545 1569 possunt;
554 1512 652 1557 tantum
662 1507 777 1569 contagio
787 1506 864 1556 discl-

87 1579 164 1644 plinae
170 1579 299 1640 morisque
307 1580 447 1627 accolarum
457 1579 528 1627 valet.
539 1579 589 1627 Hoc
601 1586 685 1627 tomen
692 1577 800 1627 feliciter
808 1592 864 1627 eve·

88 1650 135 1706 nit,
144 1650 224 1712 quod,
236 1649 301 1698 sicut
314 1648 365 1697 virn
373 1647 491 1696 adversus
503 1662 720 1712 nosnequnquam,
729 1648 863 1698 italumam

89 1721 155 1784 apud
166 1720 262 1770 Grecos
268 1734 352 1782 parom
360 1719 515 1780 illiantiquve
525 1719 649 1776 obtinent,
660 1733 717 1768 cum
730 1733 778 1781 qua
791 1733 863 1769 vent·

88 1797 150 1840 runt
160 1804 167 1846 ;
180 1789 288 1851 bellique
297 1786 404 1851 gloriam
415 1788 521 1837 victores
533 1789 645 1837 eamdem
653 1788 720 1837 inter
730 1787 810 1836 socios
819 1788 864 1834 ha-

87 1859 189 1914 bebitis,
198 1858 301 1921 quamsi
312 1864 438 1907 servantes
445 1857 579 1920 antiquum
587 1857 713 1919 specimen
721 1858 862 1906 animorum

88 1929 309 1982 Gallcsvicissetis.

88 2057 132 2095 ent.
142 2054 212 2095 at.-
221 2052 241 2095 7.
255 2052 337 2096 llartie
352 2053 388 2108 (ou
398 2059 461 2107 peut·
487 2051 543 2095 lesse
551 2053 665 2108 asiatiquc,
673 2065 729 2108 pour
736 2055 819 2096 nvertir
827 2055 858 2097 les

87 2114 134 2156 etro
157 2112 256 2165 llartit's)
283 2113 350 2165 viris,
375 2126 460 2156 comme
487 2114 661 2169 llomuinsqn'ils
669 2116 758 2159 allaient
766 2117 812 2159 etro
822 2128 859 2159 ex·

87 2174 180 2217 allieurs
188 2174 460 2232 Harticprclcadlarlic
486 2175 857 2232 postisnumtimaclangenetqu'ils

87 2248 152 2292 pena.
170 2248 210 2292 par
228 2236 324 2280 allusion
341 2250 370 2280 au
387 2240 460 2293 mptlre
487 2249 511 2280 se
529 2237 655 2291 gardassent
672 2238 711 2281 das
738 2239 857 2282 inllueuces

87 2297 115 2341 de
132 2296 234 2352 l'origlne
251 2298 279 2341 de
297 2297 459 2354 llomc,mythe
487 2299 615 2343 enervantes
633 2301 660 2343 de
683 2301 733 2343 leur
755 2300 857 2344 nouvelle

86 2360 216 2403 sanctionne
225 2373 265 2415 par
272 2360 304 2404 les
311 2360 458 2404 everrements.
487 2363 601 2416 conqueto,
611 2362 682 2405 l'tlsie·
697 2361 764 2419 loyes
774 2363 806 2407 les
820 2375 858 2418 pa·

86 2422 271 2478 llemnmuezqno
279 2422 300 2466 le
307 2423 383 2467 consul
391 2423 459 2479 prend
485 2423 545 2466 roles
560 2423 588 2466 tle
603 2422 696 2467 Sullusta
713 2437 752 2467 sur
771 2424 792 2466 la
808 2429 857 2480 pert

86 2485 188 2527 occasion
197 2483 226 2526 du
237 2483 323 2527 tablaau
332 2483 386 2540 qu'll
400 2485 460 2528 vient
485 2487 561 2541 qu'eut
570 2485 632 2528 l'lsie
642 2486 695 2529 dans
709 2486 729 2530 la
743 2492 804 2542 perte
818 2488 857 2532 des

86 2544 458 2589 delairedel'nlluiblissementdes
486 2559 568 2589 moeurs
591 2548 712 2601 primitivos
735 2550 762 2592 de
780 2550 854 2593 Ilomc.

86 2603 459 2661 contempnleconnctuelnmot·
485 2607 599 2650 Narration
616 2607 659 2659 ltt,
669 2621 735 2663 peges
750 2611 776 2656 tt
790 2611 853 2656 ecte.
