1904 3216
205 190 243 239 EX
259 190 353 240 molli
376 189 525 240 inultum
540 188 626 240 aluno
641 189 681 240 xl.
784 189 828 239 454

59 302 182 365 publicam
189 316 324 364 capessam,
335 302 508 352 transferendo
515 303 565 351 huc
573 303 640 365 quod
647 316 752 364 usquam
759 316 831 366 egro-

57 374 127 436 gium
150 374 234 424 suerit.
267 375 315 422 llec
343 374 410 423 enim
435 373 523 434 ignoro
546 373 625 422 Julios
647 373 712 428 liba,
737 374 831 422 Corun-

58 445 140 494 canios
150 446 260 495 Camerio
268 444 310 508 (2),
324 445 425 494 Porcios
439 445 554 500 Tusculo,
570 450 595 493 et
604 457 634 492 ne
644 450 726 492 vetera
738 450 831 492 scrute-

58 530 125 573 mur,
140 516 236 565 Etruria
250 515 407 577 Lucaniaque
416 521 441 565 et
455 515 524 564 omni
537 514 609 563 ltalia
624 514 651 562 in
664 519 779 563 senatum
791 528 831 563 ac-

58 586 128 642 citos,
140 592 268 648 postremo
290 585 370 647 ipsam
393 585 425 650 (5)
439 585 471 635 ad
489 584 560 647 Alpes
573 590 723 647 promotam,
738 590 767 634 ut
781 597 832 632 non

58 656 131 707 modo
140 656 233 719 singuli
241 655 347 714 viritim,
364 655 409 704 sad
423 660 508 714 terrae,
527 661 624 716 gentes,
640 653 667 702 in
680 667 772 704 nomen
788 668 832 703 uo-

57 733 139 777 strum
152 727 324 776 coalescerent.
337 727 404 776 'laiac
416 725 495 776 solida
507 724 574 774 domi
586 724 667 788 quies,
679 731 706 774 et
715 724 832 773 adversus

58 800 157 845 externa
172 795 312 852 domimus,
325 808 403 857 quum
422 793 590 857 Transpadani
606 793 634 842 iu
649 793 776 843 civitatem
792 806 832 842 re·

58 864 131 927 cepti.
141 878 219 927 quum
232 863 313 926 specie
329 864 492 912 deductarum
506 877 551 926 per
565 864 652 913 orbem
665 869 741 913 terrae
755 863 833 924 legio·

59 948 129 993 num,
144 934 235 983 additis
255 934 446 997 provincialium
464 933 625 983 validissimis
648 932 691 996 (4),
707 933 772 982 sesso
785 933 833 982 im-

57 1005 128 1068 perio
144 1006 291 1054 subventum
308 1011 356 1054 est.
369 1005 433 1055 llum
451 1006 555 1067 poenitet
566 1004 654 1054 Balbos
664 1017 693 1053 ex
705 1003 830 1065 llispania.

58 1073 665 1138 neominusinsigoesvirosexdalliaNarbonensi
673 1074 833 1124 transivisse?

57 1151 160 1195 mancat
165 1145 260 1208 posteri
268 1159 363 1203 eorum,
372 1159 418 1194 nec
430 1158 514 1194 amore
527 1145 553 1193 iu
565 1145 630 1194 hanc
642 1145 752 1208 patriam
763 1143 833 1194 nobis
878 1183 880 1187 ,

58 1215 204 1266 concedunt.
214 1215 278 1272 Quid
286 1215 355 1265 aliud
367 1214 444 1265 exitio
460 1213 650 1264 Lacedaemoniis
663 1220 689 1263 et
698 1214 833 1264 Athenien-

58 1285 129 1335 sibus
141 1285 199 1345 iuit,
214 1299 357 1348 quanquam
372 1283 451 1335 armis
464 1285 595 1347 pollerent,
611 1283 660 1333 nisi
674 1285 741 1347 quod
752 1284 832 1334 victos

58 1367 104 1417 pro
117 1353 265 1416 alienigenis
284 1355 421 1406 arcebant?
432 1356 463 1404 lt
479 1353 592 1404 conditor
610 1359 697 1404 noster
713 1354 833 1404 Romulus

57 1431 156 1474 tantum
165 1425 287 1489 sapientia
297 1425 383 1484 valuit,
396 1430 425 1475 ut
434 1425 568 1486 plerosque
576 1424 679 1486 populos
693 1423 781 1473 eodem
792 1422 833 1472 die

58 1496 150 1555 hostes,
165 1496 223 1545 dein
229 1496 295 1546 cives
305 1495 430 1545 habuerit.
441 1495 546 1544 ldvenae
558 1493 584 1542 iu
594 1506 640 1543 nos
653 1498 831 1556 regnaverunt:

60 1565 235 1616 libertinorum
246 1566 307 1615 tiliis
313 1564 474 1627 magistratus
485 1564 597 1614 mandari
611 1577 670 1621 nou,
682 1568 709 1613 ut
719 1564 834 1627 plerique

60 1637 181 1687 falluntur
193 1637 235 1698 (5),
244 1650 343 1699 repens,
353 1636 397 1685 sed
403 1635 484 1699 priori
491 1636 584 1698 populo
593 1635 734 1686 factitatum
742 1641 779 1684 est
787 1634 831 1699 (u).

61 1708 183 1757 —ltcum
190 1707 326 1758 Senonibus
339 1706 514 1769 pugnavimus.
530 1706 750 1756 Scilicetlolsciet
762 1705 831 1767 AEqui

60 1790 186 1838 nunquam
193 1777 323 1826 adversam
331 1775 402 1824 nobis
409 1775 490 1824 aciem
497 1775 640 1826 instruxere
646 1776 680 1839 (6)
690 1777 696 1825 l
705 1774 810 1836 -Gapti
819 1789 832 1823 a

61 1846 135 1895 Gallis
143 1861 237 1896 sumus.
249 1846 408 1896 Sedeluscis
416 1845 450 1910 (l)
458 1845 557 1896 obsides
571 1845 694 1902 dedimus,
702 1851 727 1895 et
737 1843 833 1893 Samni-
913 1846 916 1851 '

60 1915 125 1965 tium
130 1915 492 1980 iugumsubivimus.bttameu
499 1915 521 1964 si
528 1915 686 1965 cunctabella
694 1925 832 1972 recenseas,

61 2055 93 2098 les
113 2055 167 2098 oisc.
189 2055 217 2098 do
242 2053 360 2106 Tite-bite,
377 2066 432 2110 page
456 2053 537 2098 Priori
545 2052 633 2108 populo
641 2051 780 2107 [actitatam
789 2052 832 2093 eat.

60 2118 95 2167 31,
113 2123 162 2159 note
182 2117 202 2159 5.
215 2139 242 2148 -
257 2115 279 2160 2.
291 2115 434 2167 Camertum,
461 2133 471 2157 ι
485 2115 516 2158 llu
530 2116 569 2158 des
587 2114 690 2157 auodtres
704 2113 731 2156 de
745 2113 832 2163 Claude,

62 2179 130 2226 potito
141 2177 192 2222 villo
209 2177 238 2221 du
253 2178 338 2221 Latium
352 2179 433 2221 surlas
460 2178 480 2221 la
499 2179 585 2222 mmcuv
607 2177 688 2233 Appius
715 2175 833 2230 l'lvauglc.

61 2238 178 2282 frontidras
191 2238 221 2282 du
234 2251 285 2294 pays
294 2239 332 2282 dos
347 2238 431 2282 Sabina.
460 2240 520 2284 dtaut
534 2249 635 2287 censear,
648 2237 691 2279 l'an
704 2236 731 2280 do
744 2237 769 2279 tl.
786 2237 833 2287 445,

62 2323 88 2332 -
99 2301 119 2344 3.
133 2301 217 2356 Ipsam,
235 2300 316 2353 samir,
331 2300 433 2343 ltaliam.
460 2297 836 2354 raputdanslosduatdassslsdai-

61 2361 149 2404 Sousia
169 2361 249 2403 second
268 2362 433 2413 triumvirat,la
460 2362 568 2411 inachim
581 2361 636 2402 mais
655 2365 690 2402 cat
707 2364 755 2402 acto
770 2366 835 2413 parut

61 2422 127 2465 Gaulo
152 2422 262 2478 Cisalpina
277 2422 313 2465 lut
328 2423 403 2466 reunia
421 2423 433 2466 l
460 2425 479 2466 si
497 2423 605 2466 contraire
624 2420 636 2463 a
655 2421 676 2463 la
694 2419 779 2476 dignito
798 2431 835 2462 ro·

62 2481 148 2525 l'ltalie.
157 2506 183 2515 -
196 2483 218 2526 4.
230 2482 322 2526 additia
337 2483 435 2539 provin·
460 2484 533 2527 maino
542 2495 593 2539 quo,
604 2494 660 2537 pour
672 2494 701 2525 ou
710 2480 836 2525 manifestor

62 2543 435 2590 ciuliumvalidiasimis.ceuxdes
461 2558 500 2589 sou
518 2543 711 2600 improlvatiou‚(l.
728 2541 834 2585 Plautius.

62 2608 177 2662 provinces
204 2608 242 2663 qui
260 2606 340 2649 etaient
364 2607 434 2651 admis
459 2607 557 2663 colldguo
576 2606 691 2661 d’lppius.
704 2603 835 2658 abdiquala

62 2670 115 2712 dans
126 2669 158 2711 les
171 2668 255 2723 legions
271 2667 381 2711 romaines
395 2668 434 2710 do·
461 2681 561 2713 censura.
574 2687 583 2708 ι
598 2667 714 2722 Barnous.
733 2688 757 2697 -
774 2665 795 2708 'l-
816 2665 836 2709 ll

62 2732 164 2774 veuaient
183 2743 222 2785 par
237 2742 262 2773 co
278 2729 318 2772 fait
338 2730 443 2785 citopeut'
462 2731 547 2784 Tucia,
560 2731 640 2786 parles
653 2718 781 2784 btrusques‚
795 2738 836 2782 par

63 2795 168 2834 romarus.
181 2792 236 2834 -⁵.
252 2789 388 2841 Pelluntur,
399 2802 436 2833 ou·
461 2793 517 2836 suita
527 2793 555 2835 dc
564 2795 583 2836 la
597 2792 686 2835 victoira
694 2789 795 2846 queleur
802 2789 835 2834 roi

63 2851 436 2909 pressioncoucisepoursulsoopi·
462 2855 569 2896 Porsenna
584 2854 643 2898 avait
658 2851 783 2909 ramportta
796 2865 836 2896 sur

63 2918 154 2959 nautor
168 2927 197 2957 ou
206 2914 267 2968 salto
276 2913 366 2959 dicunt.
381 2911 435 2957 -6.
463 2912 540 2957 llome.
