1904 3216
275 194 311 242 m
328 194 424 249 ommi
441 166 538 243 cunin
556 191 610 241 un
627 189 663 240 rr.
805 184 849 235 en

87 314 223 357 transeunt.
245 308 307 356 ilinc
325 321 365 356 me
385 308 507 369 depellite,
525 314 552 356 ut
569 306 646 356 sciam
673 308 784 353 vestrum
800 314 854 350 esse

85 393 133 441 quo
142 378 228 426 ceditis
236 379 279 440 (5).
292 378 381 426 Eadem
396 379 544 427 liberalitate
555 379 597 426 dat
610 376 671 424 mihi
682 376 760 424 lilium
769 387 853 423 suam:

86 462 174 510 nempe
192 462 266 510 quem
285 449 335 496 seio
344 449 419 497 alicui
432 463 559 497 servorum
572 449 626 509 ejus
638 454 782 508 nupturam.
793 444 854 498 liul-
888 479 904 523 ,ἡ

87 527 139 566 tum
151 531 210 567 vero
227 518 290 566 mihi
307 524 415 580 praestat,
431 518 503 567 sime
517 518 602 567 liezaeo
615 517 646 580 (tl)
658 528 776 578 generum
791 529 862 578 prae-

87 587 167 649 ponitl

118 657 162 714 ite,
170 658 284 708 nuntiate
295 657 349 720 regi
359 664 450 716 restro,
464 664 489 708 et
500 672 556 722 qnee
567 657 659 714 amisit,
672 661 696 705 et
706 668 763 717 quae
775 655 867 706 adhuc

87 730 168 786 hebet,
185 729 287 792 praemie
300 742 353 778 csse
366 729 424 778 belli
435 746 441 776 :
454 731 501 778 hoc
511 736 615 792 regente
628 727 762 789 utriusque
771 728 858 776 termi-

88 812 132 848 nos
144 798 224 861 regni,
237 798 263 847 id
274 813 398 861 quemque
410 799 565 857 habiturum,
583 798 650 861 quod
662 796 781 860 proximae
792 797 869 846 lucis·

87 870 243 933 assignatum
257 871 357 919 fortune
374 878 419 919 est.
435 871 472 934 [lit
484 884 525 919 me
539 870 566 919 in
584 869 666 919 Asiam
680 881 731 917 non
749 867 867 925 venisse,-

87 946 116 990 ut
126 943 158 990 eb
168 941 224 991 eliis
233 942 300 1003 leges
310 941 456 1003 acciperem,
466 941 509 990 sed
519 946 547 989 ut
561 940 616 989 eliis
627 940 721 988 dorem.
730 939 755 988 Si
770 953 857 988 secun-

88 1012 134 1062 dus
145 1017 170 1061 et
181 1024 230 1060 non
241 1011 358 1074 permitti
370 1011 443 1060 vellet
451 1010 547 1068 heberi,
560 1011 666 1060 lacerem
681 1009 788 1058 forsitan
802 1023 869 1072 quae·

88 1081 158 1143 petit.
171 1081 285 1130 Ceterum
302 1095 349 1130 nec
360 1082 468 1130 mundus
485 1081 581 1130 duobus
592 1079 685 1128 solibus
697 1084 779 1142 potest
795 1079 869 1141 regi,

82 1164 135 1200 nec
143 1151 193 1200 duo
200 1164 382 1213 summeregna
391 1152 528 1200 selvostetu
539 1156 665 1200 terrarum
672 1154 751 1211 potest
757 1148 858 1198 hebere.

89 1221 195 1270 Proinde
205 1227 249 1270 eut
264 1221 416 1272 deditionem
423 1220 506 1280 lindie,
522 1227 565 1270 eut
578 1218 753 1269 incrastinum
767 1219 866 1268 belluuu

89 1296 176 1353 paret:
189 1304 235 1341 nec
252 1292 327 1342 aliem
341 1292 398 1351 sibi,
418 1306 493 1355 quam
508 1297 625 1355 expertus
645 1296 692 1350 est,
713 1290 866 1354 pollicentur

88 1360 233 1424 fortunam]

392 1528 395 1533 Δ
451 1493 503 1543 llll

91 1611 147 1675 Cep.
170 1613 209 1663 52.
238 1611 314 1664 Verba
335 1614 491 1674 Alexandri,
515 1632 573 1666 euos
590 1633 672 1684 prope
699 1619 791 1670 Arbela
823 1619 859 1669 ad

319 1699 433 1749 pstquam
453 1686 624 1736 adhortantis.

117 1796 184 1853 llprds
192 1797 253 1842 nvolr
264 1809 373 1855 purcouru
386 1805 432 1844 tent
446 1801 473 1845 de
485 1815 536 1859 pepe
549 1804 724 1858 envainqueurs,
735 1802 767 1846 les
777 1803 859 1846 soldets

91 1866 130 1902 out
143 1872 221 1905 encore
236 1873 280 1905 uuo
296 1861 397 1906 dernidre
413 1864 504 1906 victoire
518 1865 530 1907 d
544 1871 674 1920 remporter.
686 1889 714 1898 -
732 1864 772 1908 Les
784 1865 855 1907 Persei
904 1866 908 1871 '

91 1923 219 1968 s’erretent:
232 1925 259 1968 ils
268 1937 295 1968 ue
304 1933 398 1981 peuvent
410 1927 458 1982 plus
470 1926 529 1981 suin
543 1927 592 1982 dejd
605 1928 677 1984 gloces
690 1941 731 1985 per
738 1928 758 1971 le
768 1929 859 1980 creiute,

91 1984 117 2027 ile
128 1992 182 2030 vent
195 1987 264 2031 livrer
282 1987 304 2030 le
314 1989 409 2040 comitet,
421 1996 444 2032 et
459 1988 514 2044 dejt,
531 1988 613 2033 ninus
626 1989 696 2034 l’eveu
714 1991 742 2034 de
759 1991 807 2033 leur
818 1989 861 2033 lui·

91 2045 169 2099 blesen,
179 2047 207 2090 ils
221 2053 259 2092 ont
273 2048 378 2104 remgele
395 2063 446 2106 pepe
455 2050 520 2106 qu'ile
529 2051 630 2095 dernient
641 2050 751 2095 deiendre.
765 2074 786 2083 -
805 2049 860 2094 Chen

91 2105 200 2159 l'ennemi,
209 2112 278 2150 est-ce
288 2113 345 2159 cette
358 2109 478 2153 multitude
492 2109 519 2153 de
529 2122 592 2154 nome
605 2110 633 2154 de
644 2111 735 2167 peuples
750 2111 801 2153 dont
811 2110 860 2153 l’ur-

93 2167 140 2210 mee
154 2167 288 2224 s'ellreyern:
297 2169 392 2226 Scythes,
405 2169 530 2223 Gedusiens,
543 2172 690 2227 qn’importe:
701 2174 730 2216 ils
740 2178 789 2216 sont
800 2173 861 2215 russi

92 2229 199 2274 inconnue
212 2231 277 2287 qu’ils
286 2231 390 2275 moritent
403 2232 428 2275 de
441 2233 517 2286 l'etre3
531 2234 552 2276 le
561 2235 640 2277 monde
653 2234 723 2278 entier
734 2233 863 2278 conueltles

92 2291 247 2338 llecedonlens.
263 2293 301 2339 les
321 2295 398 2340 Perses
411 2302 451 2339 ont
462 2296 511 2351 plue
525 2296 653 2350 d'hommes,
667 2297 700 2341 les
711 2297 859 2341 liecedoniene

93 2355 141 2411 plue
152 2354 180 2399 de
188 2354 277 2400 solduts.
287 2379 315 2389 -
327 2357 373 2406 (lue
387 2355 475 2400 l'ermes
492 2358 553 2401 suive
567 2357 680 2413 l'exemple
689 2358 719 2401 du
729 2358 774 2408 roi;
787 2358 862 2400 ilseru

93 2417 193 2472 toujours
201 2417 240 2460 des
248 2417 354 2475 premiere
361 2430 389 2461 nn
396 2418 490 2471 cumbet,
499 2420 607 2463 commeil
617 2421 678 2463 eetle
687 2421 777 2463 dernier
785 2419 864 2474 dionir

93 2479 131 2523 des
141 2479 209 2522 truite
219 2479 246 2523 de
257 2480 278 2524 le
288 2479 384 2523 victoire.
391 2479 446 2523 -Si
455 2482 525 2537 parmi
537 2494 579 2525 enx
586 2495 610 2526 se
622 2483 745 2525 trouveient
752 2483 860 2538 quelques

94 2541 191 2585 hommes
204 2542 300 2593 timidos,
312 2541 328 2585 il
341 2541 388 2585 leur
408 2543 480 2587 eureit
493 2543 527 2586 dit
539 2555 582 2599 qne
591 2545 612 2588 le
625 2544 680 2588 luite
694 2551 728 2588 est
742 2544 860 2588 deeormnis

95 2603 228 2659 impossible,
242 2605 297 2660 qu'il
307 2604 354 2647 seut
365 2605 453 2648 reinero
461 2619 490 2650 ou
497 2607 562 2663 qu'ils
572 2613 621 2651 sont
634 2608 722 2664 perdus.

125 2720 235 2771 Emensis
244 2727 280 2772 tot
290 2727 371 2772 terres
383 2723 411 2772 iu
424 2737 494 2788 spem
502 2725 621 2784 victorie,
641 2726 672 2775 de
682 2740 731 2790 qua
741 2725 861 2778 dimicen-

95 2854 150 2898 -3.
168 2852 215 2906 Quo
233 2853 327 2907 ceditis,
343 2855 428 2911 d'nprde
445 2855 465 2900 lc
492 2857 553 2901 de...
562 2880 589 2889 -
602 2857 624 2901 4.
638 2856 766 2908 liudem»
778 2858 823 2898 nes
836 2855 880 2904 Qe-

97 2917 192 2961 tocution
215 2916 264 2960 loco
288 2915 381 2971 eodm,
400 2919 467 2962 eortir
493 2917 581 2963 nemun
594 2917 726 2962 nouenos„
