1904 3216
246 433 284 483 EX
300 432 398 490 QUINTI
415 433 513 483 culilll
528 433 584 484 lul.
601 435 640 487 u.
778 435 826 488 555
889 454 891 458 ·

56 542 186 595 Cebalinus
205 543 259 607 ipse
268 543 322 591 tolli
334 542 364 591 de
376 542 468 600 medio,
481 543 598 606 nulloque
611 544 721 609 negotio,
735 546 825 610 potuit.

56 613 169 676 benique
189 617 245 676 post
263 613 372 662 delatum
385 611 517 670 indicium,
536 626 586 676 quo
606 613 825 676 perituruseram,

56 685 202 736 cubiculum
212 683 281 746 regis
292 684 361 732 solus
376 683 468 731 intravi
485 684 553 733 ferro
563 684 666 746 quidem
677 686 782 737 cinctus.
796 715 827 725 -

56 757 106 805 Cur
117 755 203 804 distuli
212 753 329 804 facinus?
340 755 375 802 An
387 754 441 803 sine
453 754 543 803 Dimno
553 768 604 803 non
620 768 677 805 sum
695 757 787 807 ausus?
795 785 827 795 -

56 827 100 876 llle
112 825 192 887 igitur
202 824 319 887 princeps
330 824 511 886 conjurationis
523 824 587 874 initi
598 825 645 875 snb
658 826 727 876 illius
738 829 828 878 umbra

57 896 165 947 Philotas
179 895 294 952 latebam,
308 895 351 958 qui
368 908 476 957 regnum
498 896 656 946 Macedonum
666 898 772 949 affecto!
785 900 828 949 lle-

57 967 140 1032 quise
161 967 232 1018 robis
246 973 380 1029 corruptus
391 971 430 1016 est
445 966 533 1016 donis?
544 980 618 1029 quem
638 969 736 1028 ducem,
754 983 828 1033 quem

57 1039 203 1102 preelectum
210 1037 348 1100 impensius
357 1036 439 1086 colui?
448 1037 506 1086 llihi
516 1037 617 1100 quidem
624 1037 750 1101 objicitur,
761 1038 829 1102 quod

58 1108 281 1170 societatempatrii
287 1107 411 1156 sermonis
417 1107 450 1172 (8)
459 1121 584 1170 asperner,
594 1109 660 1171 quod
670 1109 828 1162 Macedonum

58 1194 140 1230 mores
152 1179 286 1228 fastidiam.
300 1178 340 1228 Sic
355 1191 415 1240 ergo
428 1178 544 1241 imperio,
556 1180 623 1242 quod
639 1180 769 1242 dedignor,
783 1181 829 1230 im-

58 1253 140 1302 mineo
147 1252 180 1315 (9)
188 1253 195 1303 i
204 1252 257 1300 lam
263 1250 361 1313 pridem
371 1249 469 1298 nativus
476 1249 519 1298 ille
526 1263 608 1298 sermo
616 1251 766 1301 commercio
772 1251 829 1301 alia-

58 1336 117 1372 rum
129 1322 240 1384 gentium
253 1321 369 1370 exolevit:
382 1326 434 1369 tam
442 1320 579 1369 victoribus
591 1334 665 1382 quam
677 1322 749 1372 victis
760 1336 828 1386 pere·

59 1393 131 1456 grina
143 1393 229 1454 lingua
237 1391 353 1442 discenda
361 1395 407 1440 est.
420 1389 481 1448 Non,
489 1392 638 1447 mehercule,
648 1391 696 1441 ista
701 1406 742 1442 me
748 1394 828 1456 magis

59 1464 161 1519 laedunt,
173 1476 248 1525 quam
258 1461 326 1524 quod
336 1462 461 1523 Amyntas,
474 1460 598 1509 Perdiccae
609 1462 685 1520 illius,
694 1461 828 1512 insidiatus

58 1538 97 1583 est
108 1533 161 1595 regi
167 1547 174 1589 ;
186 1546 243 1582 cum
255 1544 305 1594 quo
317 1532 384 1594 quod
393 1530 503 1580 arnicitia
512 1529 590 1580 luerit
598 1531 669 1587 mihi,
680 1545 732 1580 non
739 1546 828 1582 recuso

59 1604 193 1653 defendere
209 1601 269 1667 (10),
284 1602 307 1651 si
324 1602 429 1651 batrem
442 1600 510 1663 regis
528 1613 579 1649 non
597 1601 708 1663 oportuit
726 1602 798 1664 diligi
813 1617 828 1652 a

59 1674 140 1723 nobis.
154 1672 198 1723 Sin
216 1678 299 1721 autem
314 1670 341 1720 in
359 1671 402 1720 illo
413 1672 521 1720 fortunae
537 1669 616 1732 gradu
633 1670 742 1732 positum
754 1673 829 1723 etiam

59 1744 173 1794 venerari
182 1757 282 1792 necesse
294 1748 362 1798 erat:
375 1746 571 1804 utrumquem,
583 1742 650 1804 quod
658 1756 710 1792 non
718 1743 828 1795 divinavi
863 1782 866 1787 .
921 1752 926 1762 ·

60 1831 119 1866 reus
130 1829 195 1872 sum,
208 1829 239 1864 aa
260 1814 396 1876 impiorum
415 1813 502 1862 amicis
515 1813 655 1862 insontibus
667 1828 766 1878 quoque
777 1830 829 1864 mo·
878 1812 881 1817 '

60 1887 176 1937 riendum
188 1885 241 1935 est?
254 1883 354 1948 quodsi
373 1897 473 1947 aequum
484 1889 530 1941 est,
548 1898 594 1934 eur
604 1890 655 1932 tam
668 1885 712 1934 diu
723 1885 795 1934 rivo?
806 1886 827 1935 si

60 1957 192 2021 injustum,
204 1970 250 2006 cur
258 1969 326 2005 nunc
336 1955 436 2004 demum
447 1954 564 2004 occidor?
572 1981 604 1991 -
612 1957 642 2003 lt
653 1956 720 2004 enim
729 1956 828 2019 scripsi,

61 2026 176 2078 misereri
187 2040 228 2075 me
238 2039 334 2082 eorum,
348 2025 439 2087 quibus
457 2025 589 2074 vivendum
607 2032 672 2074 esset
687 2026 733 2074 sub
747 2039 775 2074 eo
786 2027 830 2089 qui

61 2114 88 2149 se
98 2098 164 2147 loris
172 2097 251 2145 filium
263 2096 383 2145 erederet.
394 2094 465 2144 l'ides
476 2095 601 2151 amicitiae,
615 2096 720 2159 rerilll)
730 2096 829 2145 consilii

62 2169 200 2233 periculosa
213 2167 325 2223 libertas,
337 2179 381 2214 vos
396 2178 436 2214 me
448 2164 593 2228 decepistis!
605 2178 657 2221 ros,
669 2178 724 2226 qum
741 2166 830 2215 sentie-

62 2243 129 2298 bam,
142 2238 323 2295 nereticerem,
333 2236 482 2299 impulistis!
495 2235 629 2297 Scripsisse
640 2249 680 2285 me
692 2237 829 2286 haeciateor

63 2311 127 2372 regi,
140 2322 190 2358 non
206 2308 236 2357 de
251 2322 311 2370 rege
327 2306 465 2370 scripsisse.
477 2306 530 2357 llon
545 2306 614 2355 enim
627 2306 748 2356 faciebam
765 2307 830 2357 inri-

64 2381 140 2436 diam,
154 2379 196 2428 scd
207 2393 253 2441 pro
265 2392 293 2427 eo
305 2378 432 2428 timebam.
444 2377 548 2439 Dignior
567 2376 630 2425 milri
647 2378 781 2428 Alexander
792 2376 830 2427 vi·

65 2453 177 2507 debatur,
188 2449 231 2511 qui
243 2449 310 2498 lovis
319 2449 423 2511 stirpem
433 2449 524 2499 tacitus
536 2455 689 2511 agnosceret,
700 2464 774 2512 quam
785 2450 830 2513 qui

64 2520 241 2588 predicatione
256 2519 367 2581 jactaret.
387 2518 435 2567 Sed
446 2519 564 2582 quoniam
580 2520 674 2569 oraculi
691 2521 751 2570 fides
763 2526 830 2571 certa

66 2680 173 2725 loretela
187 2680 258 2728 scuto,
269 2675 358 2719 casside
374 2686 437 2718 erce-
463 2688 502 2718 sur
525 2677 620 2733 quelque
646 2679 710 2722 chose
728 2680 792 2734 (pour
810 2681 831 2726 le

65 2747 110 2801 pil,
125 2750 165 2785 ote.
181 2764 204 2772 -
223 2741 244 2784 8.
261 2738 339 2782 Patrii
352 2750 436 2781 senno-
462 2738 565 2794 prendre)
576 2752 581 2780 :
592 2741 618 2783 de
628 2740 656 2792 ld,
671 2741 757 2784 vouloir
768 2743 832 2786 s'em-

66 2808 117 2854 nis,
129 2806 158 2848 du
176 2803 267 2846 dialecte
285 2799 434 2844 macedonica.
463 2812 534 2854 parer.
545 2802 613 2845 -10.
624 2803 757 2857 Deseruere,
768 2805 832 2858 justi·

67 2867 142 2908 G'osti
156 2865 225 2919 partir
239 2863 265 2905 dc
282 2868 338 2904 cette
352 2860 436 2916 opeque
464 2861 517 2914 iler;
532 2870 686 2917 proprement:
707 2876 721 2906 α
737 2875 773 2906 me
793 2877 833 2908 ur·

67 2940 110 2982 que
119 2927 140 2968 la
154 2927 224 2968 lorme
238 2925 267 2967 du
280 2924 372 2966 dialecto
389 2923 437 2964 atti·
463 2936 522 2973 cere,
541 2927 653 2967 avertere.
676 2927 759 2968 Frater
781 2934 833 2982 peut

67 3004 111 3046 que
131 2989 243 3045 appele
244 2996 284 3039 aava
312 3000 436 3039 commoneo
463 2987 522 3028 aussi
532 2985 659 3040 s'employer
667 2986 831 3040 pour·eousin

67 3066 111 3108 peu
129 3068 141 3094 a
158 3064 200 3106 peu
209 3051 221 3092 d
231 3052 277 3093 etre
291 3048 381 3104 alapiae
398 3062 437 3102 par
463 3046 494 3089 On
503 3054 552 3089 sent
561 3060 603 3103 quo
613 3046 634 3089 le
648 3047 710 3090 choix
719 3047 747 3089 de
756 3059 781 3089 ce
789 3053 833 3090 ter-

68 3115 275 3190 louslesGrecs-
285 3111 435 3161 blamiaco,
463 3123 499 3152 me
526 3114 641 3164 augmone
664 3109 731 3152 l'ellel
758 3108 784 3151 do
811 3109 836 3150 la
