1904 3216
37 244 41 251 .
77 169 123 220 550
329 211 331 214 .
382 169 543 223 ORATIONES

426 335 495 387 xxtt

126 442 187 506 (lap.
204 441 244 503 Μ,
256 442 295 492 25.
310 442 396 494 Oratio
413 442 541 492 Hernutat
556 443 591 491 od
604 443 786 494 Alexandrum.

98 563 188 602 uouerat
211 562 317 611 rincipibus
328 563 453 602 {romonum
463 562 541 602 adultos
552 562 625 602 tinem
636 563 716 612 regum
729 564 812 603 tradere
820 575 850 605 an

76 607 140 646 munio
149 573 407 659 nsufmaitunarerrdibut
416 607 531 646 ministeriis
535 606 670 646 abhorrentia.
679 607 707 646 Ex
714 607 751 648 hoo
760 609 849 648 cohorte

75 652 188 702 Hermolaus
194 662 245 700 puer
254 651 477 703 nobd1s‚qnurnpprum
485 653 524 689 toto
533 656 660 703 occupasset,¹
669 661 728 700 qoem
736 661 773 690 rex
782 654 848 691 ferire

75 698 213 737 detinuerat.
220 696 327 742 jussuepns
334 695 450 746 serpenbus
458 695 543 746 aifmtus
549 697 650 742 estoum
688 695 780 735 ominium
790 707 847 745 aegre

75 741 149 791 terens,
159 739 260 791 occidendi
267 739 320 786 repis
328 739 430 777 eonsilium
438 739 488 783 iniit,
494 739 598 789 assumptio
606 740 626 777 in
632 749 667 778 see
674 739 714 778 oris
727 740 846 791 roeietatem

75 784 192 836 qmbusdam
201 785 246 822 atris
260 793 286 820 ex
300 784 367 822 eadem
376 784 462 821 cohorte.
470 784 507 835 Sed
516 793 538 822 re
547 793 584 833 per
594 794 655 822 unum
663 795 676 823 e
685 785 771 822 consono
782 790 845 834 pete·

74 829 132 870 tacta,
149 827 344 875 comprehenduntur
361 837 435 869 ornnes.
452 827 581 866 callisthenes
597 828 661 872 etiam.
678 837 716 866 non
744 829 812 866 uidem
822 835 845 867 ut

75 873 175 922 particeps
184 871 277 923 iocinoris
285 871 400 922 nominatus.
411 871 445 910 sed
453 871 524 925 soiitos
537 881 643 920 puerorum
656 881 739 911 sermoni
755 882 779 910 us
787 873 846 910 ritu-

74 917 848 1011 adsistunttitt?tt¹tatnt‘dttfndt⁸ttiuttttsf‘iittiitttt'

74 1011 106 1055 sn.
122 1005 266 1050 confessosque,
276 1013 312 1055 pao
324 1013 357 1042 suo
368 1007 435 1056 mortto
449 1008 519 1043 tomum
527 1006 548 1042 tn
557 1005 771 1053 mmawottootrmts
812 1014 845 1048 ιιι,

74 1054 189 1130 ιηιιὲιιῑιςιι.
208 1049 334 1097 stupentibus
352 1053 430 1090 ueteris.
451 1048 564 1087 Hermolaus
587 1049 607 1086 in
627 1050 678 1088 huno
695 1051 776 1087 modum
797 1059 845 1088 res-

74 1103 112 1141 pon
127 1103 137 1130 e
155 1105 160 1127 ε

100 1181 141 1224 Les
149 1179 251 1235 conjures
260 1187 298 1223 ont
309 1179 382 1223 resolu
393 1179 412 1222 ia
421 1185 480 1223 mort
489 1178 636 1228 d’Alerandre.
651 1179 689 1236 qui
699 1181 786 1223 ne‘veut
795 1181 849 1236 plus

73 1242 153 1296 regner
162 1254 205 1297 que
217 1253 257 1283 sur
270 1241 308 1283 dos
319 1241 420 1283 esclaves.
433 1239 459 1282 Sa
471 1239 587 1282 ornantes
601 1238 683 1282 decime
694 1238 847 1295 lespremiers

74 1304 112 1346 des
124 1302 280 1353 Macedoniens,
289 1301 361 1344 donne
371 1301 420 1344 lem·
433 1301 530 1356 supplice
540 1314 566 1343 en
579 1299 686 1355 spectaole
698 1312 741 1343 our
751 1301 847 1356 peuples

74 1366 173 1414 vainous;
189 1364 232 1407 elle
241 1363 273 1407 les
285 1364 370 1407 detruit
383 1363 415 1406 les
424 1376 466 1405 uns
474 1369 516 1419 par
526 1364 557 1406 les
568 1370 649 1405 autres.
660 1385 686 1394 -
695 1362 724 1405 Le
732 1362 767 1405 roi
778 1361 848 1408 luisse

72 1427 147 1482 parler
156 1425 195 1468 des
209 1425 296 1468 oninnts
306 1438 312 1465 :
321 1437 399 1480 queue
408 1423 474 1467 isit-il
484 1424 592 1467 entendre
604 1424 624 1467 ia
633 1424 680 1467 voix
692 1422 811 1480 eloquente
818 1423 848 1468 de

72 1487 221 1530 Callisthenen
229 1486 360 1529 Callisthene
370 1491 405 1529 est
414 1487 524 1529 innocent.
538 1508 565 1516 —
575 1485 645 1528 'l'elles
655 1491 706 1528 sont
716 1482 749 1527 les
757 1484 849 1530 recom-

73 1561 149 1604 penses
156 1547 268 1592 reservdes
277 1560 306 1590 nn
310 1547 453 1591 deuouement
460 1548 499 1591 des
505 1546 655 1590 Macedoniens
660 1558 733 1602 parua
738 1546 772 1589 roi
778 1558 848 1592 ovare

72 1613 255 1664 qui.regorgoant
266 1609 293 1652 do
300 1609 388 1658 udsors.
399 1609 463 1652 luisse
470 1622 505 1652 ses
514 1609 596 1651 soldats
602 1609 656 1651 dans
661 1609 681 1650 lo
686 1607 775 1651 misere.
782 1608 847 1653 —Ce

72 1673 128 1714 n'est
135 1672 197 1726 point
207 1683 267 1714 assez
276 1670 405 1714 :alexandre
412 1670 642 1724 soumetanjourd'hui
652 1669 684 1712 les
693 1667 847 1714 macedoniam

72 1747 114 1777 aux
133 1733 221 1786 Porses;
243 1731 317 1775 iliaut
337 1734 402 1788 qu'on
412 1733 485 1784 odore,
498 1745 542 1776 non
554 1734 604 1788 plus
614 1732 635 1775 le
649 1731 683 1774 fils
697 1731 724 1774 de
735 1730 847 1789 Philippo,

72 1797 127 1839 mais
141 1795 161 1838 le
173 1795 208 1838 fils
217 1795 244 1838 de
254 1794 346 1848 Jupiter.
354 1792 409 1837 Tant
419 1793 523 1849 d'orgueil
535 1803 569 1836 est
579 1793 717 1837 intolerable.
729 1816 757 1826 -
765 1795 813 1842 Quo
824 1796 846 1839 lo

71 1857 169 1911 supplice
181 1869 209 1899 ne
228 1856 304 1911 trappe
317 1856 379 1911 point
393 1856 431 1899 des
442 1861 531 1910 parents
543 1857 658 1900 innocente
673 1855 723 1900 :les
737 1855 846 1911 oonjnres

73 1921 130 1960 irout
139 1929 179 1973 par
189 1917 210 1961 la
224 1924 282 1960 mort
293 1918 412 1960 au-derant
425 1917 451 1959 de
459 1919 478 1960 la
492 1917 580 1961 liberte.

102 2033 150 2082 Nos
166 2047 225 2082 vero
239 2032 374 2096 (quoniam,
389 2032 461 2094 quasi
475 2033 580 2090 nescias,
593 2031 695 2094 quaeris)
711 2031 846 2085 occidendi

71 2109 96 2154 te
107 2103 238 2153 consilium
255 2102 382 2158 inivimus,
403 2102 461 2164 quia
477 2116 529 2152 non
539 2111 568 2152 ut
587 2101 703 2164 ingenuis
714 2101 846 2165 imperare

71 2175 177 2238 coepisti,
186 2175 230 2224 sed
239 2173 312 2236 quasi
323 2173 351 2222 in
362 2172 486 2236 mancipia
494 2173 640 2223 dominaris.

92 2278 169 2316 Primus
177 2287 202 2316 ex
210 2278 301 2318 omuibus
310 2281 366 2326 pater
377 2272 444 2327 ipsius.
454 2276 537 2326 Sopolis,
547 2277 664 2325 parricidam
672 2276 733 2316 etiam
742 2281 839 2326 parentis

70 2322 101 2372 sui
109 2322 210 2360 clamitans
217 2332 267 2367 esse,
276 2322 385 2370 consurgit,
393 2327 412 2359 et
421 2321 446 2358 od
455 2331 477 2358 os
492 2331 550 2360 manu
559 2321 641 2372 otpjectn.
652 2321 727 2359 rosiers
737 2328 759 2362 et
775 2325 838 2364 motis

69 2368 197 2404 lusanientern
214 2366 266 2404 ultra
288 2373 347 2412 negat
367 2366 493 2404 audiendum.
512 2367 553 2403 Rex
578 2366 661 2403 inhibito
683 2368 749 2412 patre.
767 2367 840 2407 dicere

70 2411 194 2500 Ιἰξευιειιιοιιιιιιι
200 2409 264 2457 jobet,
280 2420 325 2459 qaia
334 2421 359 2448 ex
372 2410 465 2459 magistro
474 2410 575 2448 didicisset
583 2410 709 2448 callisthene.
717 2410 743 2448 nt
751 2409 840 2450 Hermo·

99 2537 168 2598 Utor,
179 2536 270 2601 inquit,
281 2537 399 2587 beneficio
411 2542 462 2593 tuo,
476 2543 501 2584 et
514 2537 570 2586 dioo
585 2550 640 2598 quae
652 2535 746 2586 nostris
765 2539 843 2590 malis

69 2605 153 2656 didici.
173 2607 250 2664 Quota
267 2620 326 2668 pars
346 2607 501 2656 Macedonum
519 2606 619 2655 saevitiae
645 2611 693 2655 tuae
709 2609 844 2669 superest?

69 2684 160 2738 quotus
180 2677 281 2739 quidem
297 2692 346 2728 non
367 2692 381 2727 e
400 2677 520 2726 vilissimo
539 2677 674 2740 sanguinei
691 2678 797 2737 Attalus,
817 2689 845 2732 et

68 2747 184 2807 Philotas,
196 2754 222 2798 et
235 2749 374 2805 Parmenio,
387 2755 413 2797 et
424 2750 550 2810 Lyncestes
560 2750 703 2806 Alexander,
711 2755 737 2799 et
751 2749 842 2816 Clitus

63 2823 188 2881 quantum
200 2819 231 2870 ad
244 2820 325 2869 hostes
336 2819 452 2884 pertinet,
461 2821 554 2877 vivunt,
564 2826 629 2870 stant
640 2820 667 2870 in
679 2820 742 2880 aoie,
754 2827 781 2873 te
793 2825 843 2888 olp-

52 2887 112 2950 peis
128 2891 184 2942 suis
199 2897 348 2957 protegunt,
366 2895 393 2940 et
405 2903 451 2955 pro
465 2889 601 2952 storiatus,
611 2904 656 2954 prs
667 2891 773 2941 victoria
787 2895 839 2944 vul·
