1904 3216
304 141 342 192 EX
357 141 427 192 Lllll
447 140 534 192 lieno
549 140 670 195 xxxiiii.

102 253 187 303 hostes
207 259 307 303 senatus
321 260 364 302 aut
375 252 480 315 populns
491 251 616 302 Romanus
629 251 745 304 ‘dedisset
759 253 799 304 Sic
815 252 875 304 huic

102 327 129 376 L.
143 326 260 388 Scipioni.
278 327 314 376 sic
335 326 372 377 illi
389 327 467 375 llanio
483 325 560 374 Acilio
575 326 606 375 de
622 339 681 388 rege
697 327 823 386 Antiocho,
836 328 873 377 sic

101 397 186 459 paullo
198 403 255 446 ante
265 397 290 446 T.
305 397 417 454 Quinctio
430 398 460 445 de
471 411 529 457 rege
545 396 664 458 Philippo,
675 396 711 446 sic
722 397 748 445 P.
759 398 872 447 liricuno

100 469 131 517 de
148 467 292 525 Hannibale,
304 475 329 516 et
340 468 429 525 l'oenis,
444 474 468 515 et
478 467 593 529 Syphace,
606 467 749 530 triumphus
759 470 839 521 datus

132 539 162 587 lit
171 538 275 587 minima
289 539 341 596 illa,
353 552 430 602 quum
439 537 492 599 jain
506 545 608 586 senatus
620 539 758 588 censuisset
766 539 875 595 bellum,

100 609 205 670 quaesita
220 616 303 659 tumen
318 616 375 658 sunt
389 609 423 673 (8)
441 608 533 670 quibus
548 608 714 657 nuntiandum
731 608 878 672 esset2ipsis-

97 685 175 743 utque
189 681 290 747 regibus
302 680 471 737 nuntiaretur,
487 694 518 728 nn
535 679 595 729 saris
608 686 672 729 esset
684 680 714 728 ad
729 679 872 742 praesidium

100 751 201 814 aliquod
215 752 344 802 nuntiari?
357 751 435 802 Vultis
448 765 506 814 ergo
518 750 571 800 haec
586 750 670 800 omnia
680 750 760 814 pollui
774 756 800 799 et
811 763 878 800 con·

99 822 191 872 fundi?
203 823 257 872 tolli
271 822 363 871 fetialia
370 821 535 884 jurainullos
548 834 601 869 esse
615 819 729 871 fetiales?
738 819 877 884 liat(pace·
898 836 916 882 g

99 894 174 944 deum
186 895 300 959 dixerim)
310 896 405 952 jactura
417 893 563 954 religionis:
575 893 664 943 oblivio
674 895 778 945 deorum
788 893 871 957 capiat

98 972 198 1028 pectora
208 972 297 1015 vestra.
305 965 368 1014 llum
380 972 491 1013 senatum
499 977 598 1025 quoque
605 963 707 1012 debello
714 963 811 1013 consuli
820 976 875 1013 non-

97 1036 195 1098 placet?
207 1049 256 1084 non
268 1034 300 1084 ad
312 1035 433 1098 populum
444 1033 516 1091 ferri,
529 1032 606 1082 velint
617 1032 755 1096 iubeantne
766 1033 800 1097 (9)
812 1047 871 1083 cum

96 1105 170 1156 Gallis
182 1105 276 1155 bellurn
292 1105 365 1167 geri?
374 1104 442 1153 llodo
456 1109 523 1153 certe
536 1104 650 1153 consules
659 1104 776 1152 Graeciam
792 1110 873 1167 atquc

97 1175 179 1226 Asiam
197 1175 312 1226 volebant
328 1191 334 1225 :
351 1180 436 1224 tamen
451 1173 665 1237 perseverantibus
683 1173 751 1223 vobis
767 1174 871 1236 Ligures

95 1246 252 1308 provinciam
271 1244 413 1302 decernere,
428 1246 494 1294 dicto
512 1245 643 1294 audientes
659 1243 771 1294 luerunt.
784 1245 870 1295 llerito

95 1330 157 1378 ergo
172 1331 185 1367 a
200 1317 278 1374 robis,
291 1330 408 1379 prospere
425 1316 491 1367 bello
509 1322 587 1378 gesto,
605 1314 761 1378 triumphum
775 1321 869 1381 petent,

95 1386 187 1450 quibus
200 1387 343 1437 auctoribus
356 1393 494 1448 gesserunt.

423 1528 551 1578 Clxxllll

118 1651 180 1715 Gap.
201 1650 286 1700 ⁴749.
306 1650 451 1771 Oratioane.
471 1648 560 1700 llanlii
582 1649 693 1700 Volsonis
712 1648 833 1702 aduersus

210 1743 212 1749 ¹
450 1728 531 1785 patos.

118 1828 176 1872 iadis
194 1827 294 1870 c'etuient
310 1827 342 1869 les
361 1828 448 1869 triburis
466 1827 504 1882 qui
527 1826 672 1882 s’opposaient
693 1840 722 1870 au
738 1828 861 1884 triompbe;

93 1889 232 1945 auiourd’lrui
240 1903 264 1932 ce
274 1896 323 1931 sont
332 1888 363 1931 les
373 1888 500 1931 conseillers
508 1889 591 1931 memes
605 1889 634 1931 du
646 1889 741 1943 gendml,
751 1902 804 1933 cour
820 1893 859 1947 qui

92 1953 205 1995 devenient
216 1951 249 1993 les
260 1951 367 2006 premiers
375 1964 388 2006 y
397 1951 514 1994 souscrira.
525 1949 583 1993 ludis
599 1962 628 1993 on
644 1958 740 1994 contestu
755 1951 860 1995 alubdon

92 2013 146 2071 qu'il
159 2027 172 2069 y
184 2013 224 2057 edt
234 2012 299 2062 droit,
310 2025 338 2056 on
345 2012 454 2067 alleguant
462 2012 515 2067 qu'il
522 2011 601 2054 u'urait
611 2024 649 2067 pus
656 2025 685 2056 vu
696 2012 812 2064 l'rnnemi;
822 2026 861 2056 nu-

88 2077 210 2132 jourd'lrui,
221 2076 284 2118 l'llsie
294 2076 390 2130 pucilidc,
401 2076 417 2118 il
427 2075 474 2118 saut
482 2087 525 2130 que
536 2074 558 2117 lo
567 2076 681 2129 proconsul
690 2074 762 2130 plaido
773 2087 830 2130 pour
840 2075 861 2117 le

90 2140 144 2182 sicu.
152 2161 180 2170 -
188 2138 229 2181 Les
241 2137 329 2180 Gaulois
338 2137 482 2193 pesuientsur
489 2141 549 2178 toute
562 2135 632 2187 l'Asie,
644 2148 686 2192 quo
698 2149 726 2178 ne
737 2136 857 2191 protegeait

90 2202 140 2256 plus
149 2200 170 2242 le
184 2205 267 2255 sceptro
283 2198 433 2251 d'Antiochus3
452 2197 479 2240 ils
491 2197 513 2241 la
522 2198 693 2249 ranconnaient3
712 2197 822 2253 l'ouvrage
831 2200 858 2242 de

90 2261 158 2304 llome
168 2259 220 2303 eutr
230 2260 268 2303 nul
277 2276 283 2313 3
292 2265 314 2302 et
324 2260 345 2303 le
355 2258 471 2315 proconsul
480 2258 571 2300 n'uurait
584 2271 660 2314 pas-eu
670 2258 691 2300 le
700 2258 759 2300 droit
766 2259 793 2301 de
803 2259 858 2302 faire

89 2328 145 2365 celte
162 2333 242 2377 guerre
260 2333 316 2376 pour
334 2319 437 2376 protegor
455 2320 531 2363 l’lsiet
547 2318 587 2362 Les
602 2318 690 2362 Guulois
704 2317 808 2363 n'etuient
820 2332 858 2374 pas

90 2385 189 2427 onnamis
201 2383 228 2425 de
240 2382 315 2433 llorne,
325 2395 366 2426 eux
382 2383 414 2425 les
427 2381 553 2425 auxiliaircs
563 2379 709 2432 d'lutiocbus,
726 2392 768 2422 eux
778 2380 817 2437 qui
825 2393 860 2425 rc·

88 2496 147 2539 dent.
166 2517 193 2528 -·
211 2495 230 2538 8.
251 2496 352 2548 Quaesitu
380 2498 458 2538 tomen
485 2498 561 2543 retur,
575 2507 607 2536 an
622 2493 681 2537 sotis
697 2496 780 2538 essct...
791 2518 819 2528 -
835 2493 856 2538 9.

87 2560 150 2608 aunt,
158 2558 237 2609 srvoir,
246 2570 261 2599 a
269 2557 412 2608 Fetictibus,·
421 2570 458 2601 ces
489 2557 563 2601 Velini
568 2556 714 2612 jubeantnc,·
723 2569 752 2600 nc
761 2556 825 2612 aprds
835 2557 859 2602 lc

87 2621 180 2674 protres,
199 2632 283 2663 cornino
301 2633 357 2664 nous
376 2622 457 2663 l'uvons
484 2621 563 2663 second
574 2620 647 2672 verbe,
658 2632 723 2676 parce
738 2631 791 2676 que,
801 2620 855 2664 dans

87 2681 135 2735 dc'jd
143 2694 180 2732 vu,
191 2681 303 2725 veillnicnt
311 2683 458 2737 tres-scrupu·
484 2690 540 2726 cetto
551 2682 653 2735 lormule,
668 2681 818 2739 ocllcjudm
828 2695 856 2726 ue

87 2741 243 2786 leusementuu
250 2745 355 2787 nraintien
363 2744 416 2788 dela
423 2758 457 2787 re·
485 2745 632 2801 pervenitur
642 2744 743 2801 sdpnrda3
753 2756 818 2802 vopei
825 2757 856 2788 un

87 2804 201 2857 ligiondes
210 2805 456 2857 trontollinimcitla,
484 2815 546 2852 autre
561 2809 659 2864 exempla
669 2809 723 2854 dens
739 2809 761 2854 la
776 2814 826 2853 note
839 2807 854 2854 9

87 2866 160 2910 sarcir
169 2866 255 2924 ipsisne
260 2868 352 2925 renibus
360 2869 457 2912 nuntiu-
484 2871 514 2914 du
524 2869 580 2914 llisc.
591 2871 686 2915 suivant.

147 2964 276 3017 Curiones.
721 2961 758 3018 ss
