1904 3216
134 213 178 262 tot
436 213 594 265 onnrtouns
620 214 622 219 ’

132 327 226 389 aliquid
235 328 265 377 ad
279 329 417 386 consilinm,
427 330 491 390 quod
503 320 745 392 Carthaginiensibus
752 332 786 379 ita
799 345 845 393 pax
858 335 901 381 ne-

133 398 187 460 gari
206 404 294 461 posset,
313 404 340 445 ut
361 411 409 446 non
433 398 519 460 utique
535 399 562 447 in
581 400 710 463 praesentia
727 401 821 450 bellum
842 416 901 452 cum

132 469 169 519 eis
180 477 282 529 geratur
296 483 370 518 :cum
384 470 499 518 Romanis
510 472 631 532 extemplo
645 477 689 519 ant
700 486 784 533 pacem
797 480 840 522 aut
848 475 902 522 hel·

131 541 185 590 lum
198 540 347 589 habendum.
357 566 389 578 -
398 541 449 600 Quo
457 540 540 589 minus
551 540 700 606 cupiditatis
710 558 741 590 cc
755 541 836 591 studii
846 543 900 593 oua

131 616 168 658 cat
183 608 265 658 oratio
274 607 373 667 Ιιαῠενι,
391 623 419 658 co
429 609 489 673 ptus
503 609 664 659 auctoritatis
672 611 769 664 tatuit.

480 753 546 802 CXVI

130 877 187 940 Cep.
204 877 244 926 58.
271 876 357 928 Oratio
379 879 409 928 t.
436 875 546 934 Pinarii,
564 876 682 942 prasecti
703 877 827 941 proesidio
852 896 900 945 quo

219 947 308 996 Henna
320 963 336 995 a
347 946 465 998 Romanis
477 945 649 1006 obtinebatur,
665 947 700 995 ad
715 948 814 998 Milites.

147 1071 270 1122 'dirigentiam
279 1071 384 1116 multisuue
392 1067 435 1108 eliis
444 1070 465 1108 iu
474 1068 543 1121 Sicilia
552 1067 642 1120 urbitius,
652 1071 733 1120 Romana
742 1071 836 1152 presidia
845 1082 893 1120 pro-

129 1115 172 1153 dita
182 1121 203 1153 et
211 1123 305 1163 oppressa
314 1114 398 1153 inerant.
406 1116 533 1164 Hennensium
543 1123 641 1161 principes
650 1113 702 1151 idem
712 1125 743 1152 mo
752 1116 848 1164 rebantur.
857 1117 895 1153 sed

130 1169 198 1197 eorum
211 1159 296 1198 consitiis
307 1159 398 1198 obstabat
405 1160 427 1196 Ι..
435 1158 529 1207 Pinarius,
539 1158 643 1203 praefectus
654 1159 848 1205 praesidiarium,
858 1169 894 1197 nec

130 1203 265 1242 insidiantibus
273 1207 402 1250 opportunus.
416 1202 479 1239 ratam
491 1202 552 1246 igitur
565 1207 661 1246 agendum
673 1203 720 1246 rati,
733 1204 797 1249 ipsum
812 1202 892 1246 adeunt,

130 1249 234 1295 clavesque
242 1251 342 1296 portarum
355 1247 392 1285 sihi
404 1246 461 1285 reddi
478 1254 556 1292 equum
573 1248 660 1295 censetu-
679 1247 715 1284 itte
736 1248 798 1292 primo
808 1255 890 1299 negare:

131 1293 202 1330 deinde
216 1302 276 1339 quinn
290 1291 387 1329 instarent
399 1294 420 1328 et
430 1294 469 1336 jam
483 1292 550 1336 aperto
563 1294 688 1335 minarentur,
704 1292 789 1338 postulat
803 1294 840 1340 sttn
850 1291 892 1330 dari

132 1336 198 1388 popuii
216 1335 325 1377 concinium,
345 1342 366 1372 ιιι
384 1334 469 1372 sciretur
486 1337 553 1370 utrum
565 1342 670 1384 pancorum
688 1335 893 1384 caudenuntiatimn

131 1379 315 1418 universaeciritatis
324 1382 384 1418 esset.
391 1378 507 1416 Gonsensnm
515 1380 620 1424 utposteto
630 1379 661 1414 dre
669 1378 772 1417 concilium
779 1379 894 1417 haberetur.

131 1424 226 1506 ξιαιιιιίιιέ,
236 1427 338 1506 wissam
351 1423 371 1460 in
379 1432 444 1460 arcent
453 1432 474 1460 se
488 1421 569 1468 recepit,
577 1424 682 1460 convocato
698 1423 782 1460 miiitum
798 1424 896 1470 concione,

131 1478 138 1506 ι
168 1477 227 1506 vera
246 1477 277 1506 eci
297 1479 302 1502 i

156 1567 282 1621 Exposition
292 1567 330 1609 des
340 1565 398 1608 faits.
409 1588 436 1596 -
452 1565 561 1608 nescitus
569 1565 664 1608 contains
673 1565 701 1609 de
715 1565 736 1608 la
745 1565 851 1610 demando
860 1567 900 1611 des

129 1628 244 1681 sicilicum
255 1627 356 1670 conduite
366 1626 451 1674 dteuir.
457 1650 484 1658 —
490 1625 558 1671 Ordre
564 1639 608 1670 aux
616 1627 704 1672 eoldats.
713 1625 830 1681 -Priere;
837 1641 900 1672 assu·

131 1702 196 1733 rauce
205 1695 281 1732 contre
290 1695 338 1732 tout
347 1689 437 1744 danger.

163 1803 240 1853 Credo
252 1816 299 1864 ego
307 1816 349 1852 ros
355 1802 461 1859 audisse,
477 1802 578 1861 milites,
588 1803 795 1865 quemadmodum
813 1807 902 1867 praesi-

131 1874 172 1924 dia
183 1875 287 1922 Romana
297 1871 329 1920 ab
339 1871 429 1921 Siculis
444 1872 611 1922 circumventa
623 1880 650 1921 et
663 1886 778 1935 oppressa
792 1874 843 1923 sint
857 1889 902 1937 per

131 1943 246 1993 hosdies.
270 1942 329 1991 Eam
349 1956 393 1992 vos
407 1942 530 1998 fraudem,
548 1943 620 1991 deum
631 1944 712 2004 primo
734 1943 901 2006 benignitate,

131 2015 189 2063 dein
208 2021 290 2062 vestra
312 2013 361 2075 ipsi
383 2013 485 2072 virtute,
506 2013 560 2063 dies
575 2020 708 2077 noctesque
724 2016 855 2076 perstando
874 2031 903 2067 ac

132 2084 332 2146 pervigilandoin
340 2084 423 2138 arinis,
436 2083 540 2132 vitastis.
550 2083 646 2132 Utinam
654 2084 783 2146 reliquum
792 2093 899 2148 tempus,

131 2167 177 2202 nec
189 2152 304 2214 patiendo
315 2153 423 2210 infanda,
436 2167 480 2202 nec
496 2153 616 2210 iaciendo,
636 2153 732 2203 traduci
745 2156 833 2216 possiti
847 2157 902 2207 Haec

132 2223 492 2280 occultainiraudecautioest,
505 2237 552 2284 qna
563 2222 603 2272 usi
613 2223 693 2272 adhuc
703 2237 789 2274 sumus
801 2241 808 2272 ι
821 2227 900 2290 cuim]

56 2316 59 2323 ·
133 2294 249 2356 quoniam
263 2306 352 2354 parum
363 2292 481 2348 succedit,
494 2301 577 2356 aperte
586 2307 615 2341 ac
625 2295 750 2355 propalam
761 2297 839 2345 claves
847 2311 904 2359 pou

132 2363 904 2426 tarumreposcunt3quassimuttradiderimus,Carthaginien-

132 2434 197 2482 sium
207 2435 328 2495 extemplo
339 2434 424 2483 Henna
435 2435 492 2492 ecit,
507 2434 646 2497 ioediusque
656 2436 697 2484 hic
710 2436 900 2497 trucidabimur,

133 2519 206 2566 quam
227 2505 369 2566 nui-gantiae
387 2505 531 2565 praesidium
557 2505 714 2555 interiectum
734 2516 779 2556 est.
806 2509 904 2558 Noctem

132 2589 208 2623 nnana
219 2589 285 2636 aegre
301 2576 331 2623 ad
343 2576 532 2625 consultandum
550 2576 652 2637 sumpsi,
666 2591 715 2637 qua
727 2590 769 2625 vos
784 2579 904 2628 certiores

132 2645 238 2706 periculi
249 2646 363 2695 instantis
375 2647 489 2695 tacerem.
501 2648 560 2694 Orta
571 2648 625 2695 tuce
639 2646 782 2695 concionem
792 2648 902 2698 habituri

132 2721 232 2768 suntad
246 2721 429 2770 criminandum
441 2733 481 2768 me
494 2719 717 2782 concitandumque
732 2721 758 2769 in
770 2735 812 2770 vos
826 2736 903 2785 popu·

133 2795 192 2842 lum.
206 2791 291 2852 ltaque
301 2793 406 2842 crastino
420 2792 469 2850 die,
481 2798 617 2848 antvestro,
625 2792 840 2840 autltennensinm
848 2808 902 2842 san·

151 2932 216 2975 tun.
229 2935 248 2976 1.
264 2932 314 2984 Cui,
331 2933 406 2975 savoir
421 2932 503 2989 fraudi
515 2932 618 2980 occulto·
