1904 3216
93 173 139 224 520
386 167 561 223 'cannones

94 286 181 339 liberte,
196 288 235 343 qui
243 287 328 343 depend
338 287 480 332 del'alliance
492 287 519 329 de
529 287 606 330 Romo.
625 285 680 328 Tout
693 288 745 329 dans
757 285 778 328 la
795 283 865 326 liece-

95 348 160 392 doine
177 346 259 390 n'est-il
280 360 319 403 pes
335 349 423 391 euuemi
437 348 476 390 des
492 347 609 390 Romainsl
623 346 701 389 Persee
718 359 745 388 ue
763 346 802 389 leit
820 357 864 400 que

92 411 224 465 poursuivre
234 410 266 452 los
277 411 358 466 proJets
367 410 394 453 de
404 422 484 464 guerre
494 410 521 452 de
531 421 571 452 son
579 409 639 464 pere.
652 431 678 441 -
687 407 755 457 Qu'on
766 408 866 451 examine

7 507 10 513 .
91 483 116 514 sa
126 470 228 514 conduite
235 471 312 525 depuis
321 471 341 514 la
351 478 408 514 mort
421 471 447 514 de
458 471 569 526 Philippe;
578 483 603 514 ce
610 483 639 514 ne
647 471 827 526 suntqu'apprets
837 468 865 511 do

94 544 185 588 guerre.
196 531 213 575 ll
226 532 324 588 aeppele
337 533 376 576 des
385 533 488 577 barbares
498 545 555 588 pour
566 533 678 588 opprimes
694 532 714 574 la
724 531 798 583 (hece,
813 530 865 574 sub·

91 594 176 649 juguer
183 596 216 640 les
221 594 323 649 Dolopes;
333 594 349 636 il
363 601 396 637 est
403 595 466 638 entre
478 594 532 637 dans
543 594 563 637 la
577 595 643 637 Grece
657 607 709 637 areo
717 605 762 637 une
775 593 865 646 armee;

52 677 55 683 ·
94 654 236 709 aujourd'hui
247 655 261 697 il
274 655 367 698 cherche
384 656 396 698 a
408 655 512 710 peue'trer
523 656 577 698 dans
591 655 693 707 l'lclraie,
705 667 761 710 pour
773 655 795 698 la
806 666 865 698 com·

44 709 48 716 ’
95 721 214 770 promettre
224 727 276 759 avec
285 716 360 758 Rome.
371 739 399 748 -
411 717 428 758 ll
435 729 463 759 ue
472 717 519 759 saut
528 718 577 759 rien
587 716 677 759 ecouter
682 716 768 771 jusqu'l
777 728 802 759 ce
811 714 865 771 qu'il

5 828 10 837 θ
94 778 138 821 soit
149 778 233 822 certain
243 777 316 834 quola
326 779 376 832 peix
385 789 435 821 sera
444 779 570 821 meintenue
583 784 645 820 entre
655 777 722 820 Rome
732 783 754 820 ot
765 777 786 820 la
797 777 866 822 Mace·

93 840 168 884 doine.

123 938 201 986 Parve
217 944 261 986 aut
278 935 410 986 mediocris
423 949 474 994 res,
491 936 581 994 Achaei,
597 935 747 998 quibusdam
765 934 866 984 videtur

91 1007 148 1070 egi3
168 1021 215 1070 ego
233 1007 365 1056 maximam
384 1013 409 1056 et
431 1008 601 1068 gravissimam
614 1006 727 1055 omnium
749 1019 798 1056 non
823 1005 866 1066 agi

67 1126 70 1137 ,
92 1085 189 1128 tantum
200 1077 319 1134 arbitror,
334 1077 376 1127 sed
390 1077 572 1139 quodammodo
584 1083 665 1126 actam
678 1091 739 1126 esse.
753 1075 865 1137 Namqui

33 1182 36 1189 ·
91 1149 196 1212 regibus
210 1148 378 1205 Macedonum,
398 1148 616 1209 Macedonibusque
635 1146 706 1209 ipsis,
725 1147 817 1195 finibus
829 1146 866 1194 in·

92 1219 292 1275 terdirissemus‚
307 1231 459 1280 manereque
480 1219 512 1282 (l)
527 1218 553 1266 id
568 1218 705 1273 decretum,
726 1216 867 1266 scilicetne

90 1291 193 1352 legatos,
211 1289 353 1339 nenuntios
366 1288 553 1337 admitteremus
569 1301 665 1350 regum,
681 1301 727 1350 per
744 1300 807 1350 quos
822 1287 866 1334 ali-

92 1373 198 1423 quorum
210 1373 239 1407 er
248 1359 320 1407 nobis
333 1357 409 1407 animi
428 1358 632 1414 sollicitarentur,
646 1358 665 1406 ii
677 1357 865 1406 concionantem

90 1429 273 1493 quodammodo
282 1428 409 1477 absentem
425 1427 539 1476 audimus
548 1441 645 1486 regem,
657 1432 691 1483 et,
705 1428 727 1476 si
742 1427 791 1475 diis
809 1427 866 1489 pla·

14 1532 17 1537 -
88 1507 139 1556 cet,
150 1499 287 1548 orationem
299 1497 354 1559 eius
363 1498 504 1559 probamus.
520 1498 558 1554 Et,
570 1511 650 1559 quum
661 1498 721 1548 ferae
730 1497 815 1546 bestiae
831 1497 866 1546 ci·

41 1618 45 1624 ,
90 1570 153 1619 hum
162 1568 192 1616 ad
204 1567 318 1616 fraudem
331 1581 402 1616 suam
411 1568 520 1629 positum
534 1568 683 1629 plerumque
699 1575 866 1630 aspernentur

89 1645 117 1690 et
126 1638 261 1700 refugiant,
275 1651 328 1696 nos,
340 1638 409 1694 caeci,
423 1638 505 1700 specie
512 1640 581 1701 parvi
593 1639 706 1687 beneficii
716 1638 865 1694 inescamur,

90 1715 118 1759 et
129 1708 286 1759 servulorum
299 1708 395 1757 minimi
405 1709 480 1771 pretii
493 1709 691 1772 recipiendorum
700 1723 744 1771 spe
755 1716 866 1758 nostram
883 1714 886 1719 '

91 1779 203 1840 ipsorum
214 1775 354 1826 libertatem
364 1777 452 1827 subrui
463 1785 487 1826 et
496 1779 587 1827 tentari
599 1779 717 1841 patimur.
729 1779 788 1835 Quis
798 1779 866 1827 euim

66 1856 69 1860 ⁴
90 1859 141 1895 non
156 1846 232 1902 videt,
246 1845 311 1894 viam
324 1846 403 1907 regiae
417 1846 530 1895 societati
550 1848 638 1908 quaeri,
658 1862 706 1910 qua
726 1849 866 1898 Romanurn

91 1917 181 1974 foedus,
193 1921 334 1979 quonostra
343 1916 426 1966 omnia
437 1918 605 1975 continentur,
616 1918 739 1968 violetur?
751 1918 803 1973 Nisi
817 1919 865 1968 hoc

90 1988 196 2039 dubium
206 1987 280 2037 alicui
288 1993 333 2043 est,
344 1987 487 2036 bellandum
499 1989 615 2038 llomenis
627 2003 684 2038 cum
702 1990 790 2039 Perseo
800 2003 863 2047 esse,

91 2065 118 2108 et
129 2059 195 2122 quod
205 2058 260 2107 vivo
274 2057 387 2120 Philippo
401 2066 578 2120 exspectatum,
592 2067 673 2109 morte
684 2059 737 2122 ejus
744 2060 865 2123 interpel-

92 2128 169 2178 latum
183 2133 231 2186 est,
242 2128 269 2176 id
280 2135 335 2188 post
351 2135 457 2176 mortem
478 2129 585 2192 Philippi
605 2131 725 2178 futurum.
746 2129 821 2186 Duos,
835 2135 865 2179 ut

92 2198 170 2255 scitis
182 2197 268 2246 habuit
280 2198 343 2246 lilios
355 2198 493 2260 Philippus,
504 2199 659 2248 Demetrium
671 2206 696 2247 et
708 2200 807 2248 Persea.
822 2199 865 2249 Ge-

91 2280 153 2318 uere
159 2274 271 2315 materno
279 2267 380 2323 virtute,
391 2266 501 2328 ingenio,
515 2269 598 2318 lavore
613 2270 865 2332 Macedonumlonge

92 2338 209 2402 praestitit
217 2337 366 2386 Demetrius.
380 2336 426 2386 Sed
438 2337 496 2399 quia
509 2338 537 2386 in
549 2339 669 2388 Romanos
689 2339 739 2388 odii
755 2354 864 2403 regnum

119 2470 173 2513 CXC.
188 2470 267 2524 loyez,
278 2484 306 2513 au
322 2469 380 2524 suiet
396 2470 424 2512 de
440 2483 465 2513 ce
493 2472 693 2517 interdixissemus
709 2475 864 2531 equivalenti

91 2532 214 2582 Callicrate,
228 2531 249 2574 le
264 2532 319 2575 recit
335 2531 361 2574 dc
378 2532 464 2588 Pon-he,
491 2536 547 2588 lines
564 2538 653 2579 nostros
682 2548 710 2578 ne
742 2538 864 2580 intrarent

94 2593 147 2635 «lans
159 2592 190 2633 les
201 2595 306 2644 prerniers
316 2593 425 2648 chapitres
435 2595 464 2637 du
488 2597 650 2650 jussissemus,
674 2606 696 2641 et
722 2600 864 2643 contiennent

94 2655 149 2697 livre
165 2653 232 2696 XXVl.
247 2655 376 2699 L'lristorien
395 2656 416 2699 le
430 2670 465 2699 re·
491 2659 555 2701 l'ide'e
582 2660 634 2701 d'uu
661 2660 862 2710 commendemur,

93 2716 464 2771 presentecommeuussatteurab·
491 2720 864 2776 l'nteeduvernejoberequirogn

93 2779 138 2833 ject
147 2777 184 2820 des
194 2777 304 2820 Romaius.
315 2804 341 2811 -
351 2783 370 2822 l.
388 2781 463 2824 ilone-
491 2782 598 2824 l'inlinitii
612 2784 705 2826 suivant.
724 2783 800 2838 (noyez
818 2796 863 2826 rure

95 2851 172 2896 reque,
192 2846 298 2883 sous-ent.
308 2841 462 2893 jussissemus.
491 2842 554 2894 lacon
573 2844 599 2885 de
621 2844 694 2898 parler
718 2843 824 2898 atralogue
847 2844 859 2887 a

81 2901 193 2945 beemots
202 2902 369 2959 qutproce'aent
376 2903 465 2961 finibus
492 2904 587 2956 celle-ci,
597 2917 704 2960 inienuus
714 2918 780 2949 arans
794 2905 864 2961 expll-
