1904 3216
89 206 134 254 102
392 204 554 255 unttlonts

91 320 183 378 dicere,
197 321 320 382 quisadeo
332 320 398 380 puris
407 321 530 369 fetialium
542 334 629 382 expers
647 319 735 382 estqui
746 319 861 380 ignorem

91 391 173 452 Neque
183 405 229 452 ego
238 392 328 439 infitias
340 405 377 448 eo,
396 392 478 453 Patres
488 391 632 452 conscripti,
647 397 698 440 tam
715 392 861 453 sponsiones

96 474 165 523 quam
177 462 268 510 foedera
285 460 315 524 (5)
340 467 424 510 sancta
444 475 496 510 esse
517 462 582 523 apud
598 475 639 511 eos
653 461 774 518 homines,
794 461 862 523 apud

88 543 151 592 quos
160 531 230 592 juxta
246 530 340 579 divinas
350 529 484 590 religiones
502 530 564 578 tides
580 531 685 578 humana
700 528 804 587 colitur;
819 527 861 578 sed

90 600 189 662 injussu
198 602 279 662 populi
292 612 357 660 nego
373 601 507 662 quidquam
519 600 610 650 sanciri
621 613 691 662 posse
699 601 764 661 quod
779 612 862 662 popu·

90 672 143 721 ium
160 680 251 720 teneat.
269 673 314 729 An,
330 673 351 720 si
379 673 463 721 eadem
482 671 608 734 superbia,
626 685 675 733 qua
703 673 862 731 sponsionem

91 741 165 790 istam
196 749 368 802 expresserunt
394 741 466 790 nobis
496 742 626 799 Samnites,
650 740 790 802 coegissent
816 754 881 791 nos,

91 812 164 859 verba
177 811 289 874 legitima
298 812 442 861 dedentium
455 812 527 860 urbes
543 811 574 875 (d)
586 825 739 873 nuncupare,
749 810 861 860 deditum

90 882 211 943 populum
230 882 366 931 ttomanum
379 896 430 939 vos,
446 881 556 941 Tribuni,
568 882 689 938 diceretis,
701 888 726 930 et
742 882 806 930 banc
817 894 863 931 ur-

90 952 157 1009 bem,
178 951 278 1013 templa,
300 952 411 1008 delubra,
430 951 501 1009 dues,
516 965 599 1014 aquas,
622 950 768 999 Samnitium
794 950 862 1000 esset

91 1020 182 1070 Omitto
193 1022 353 1081 deditionem,
371 1021 490 1084 quoniam
504 1023 534 1070 de
553 1023 683 1085 sponsione
695 1021 787 1083 agitur.
799 1021 861 1078 Quid

89 1092 197 1148 tandem,
229 1090 251 1141 si
274 1092 490 1155 spopondissemus
512 1092 600 1140 urbem
621 1092 685 1140 hanc
712 1091 861 1141 relicturum

89 1163 210 1226 populum
225 1162 376 1212 Romanum?
390 1163 412 1212 si
426 1161 604 1212 incensurum?
621 1162 643 1211 si
656 1162 821 1223 magistratus,
842 1163 861 1211 si

92 1240 214 1290 senatum,
229 1232 251 1282 si
269 1234 337 1295 leges
352 1246 401 1282 nou
418 1232 582 1282 habiturum?
598 1233 619 1281 si
645 1233 691 1281 sub
708 1233 808 1292 regibus
820 1232 862 1281 su·

92 1301 194 1353 turum?
206 1328 238 1339 -
248 1302 288 1351 bii
299 1303 402 1353 meliora
414 1303 459 1366 (5).
470 1303 566 1365 inquist
582 1301 653 1364 Atqui
667 1315 716 1350 non
728 1301 862 1362 indignitas

93 1385 180 1420 rerum
191 1371 330 1433 sponsionis
343 1373 470 1421 vinculum
489 1372 563 1421 levat.
588 1371 613 1420 Si
638 1371 747 1432 quidest
762 1367 859 1431 inquod

91 1442 198 1504 obligari
210 1442 317 1505 populus
326 1443 412 1505 possit,
423 1443 449 1492 in
460 1443 494 1507 (o)
506 1442 587 1492 omnia
602 1447 697 1503 potest:
713 1446 738 1489 et
757 1454 789 1489 ue
801 1440 861 1489 illud

92 1510 203 1571 quidem,
229 1510 293 1571 quod
308 1512 427 1572 quosdam
438 1511 541 1560 forsitan
548 1518 653 1566 moueat,
666 1511 753 1565 ret'ert,
764 1509 859 1566 consul,

92 1593 124 1628 au
138 1580 252 1638 dictator,
270 1595 301 1630 an
318 1588 411 1644 praetor
422 1581 590 1646 spoponderit.
608 1580 637 1629 Et
654 1580 701 1627 hoc
718 1579 765 1642 ipsi
786 1579 858 1628 etiam

94 1650 217 1700 Samnites
231 1651 411 1713 judicaverunt,
434 1653 526 1714 quibus
547 1651 660 1700 nonfuit
675 1649 735 1698 satis
749 1650 862 1698 consules

93 1723 224 1783 spondere,
249 1724 292 1772 sed
318 1724 420 1784 legatos,
445 1728 588 1784 quaestnres,
617 1722 731 1771 tribunos
753 1720 864 1770 militum

92 1794 214 1855 spondere
224 1802 367 1860 coegerunt.

125 1865 173 1912 Nec
189 1878 203 1911 a
216 1876 257 1911 me
268 1877 335 1912 nunc
346 1862 476 1925 quisquam
487 1863 628 1927 quaesiverit
639 1862 699 1925 quid
711 1862 745 1911 ita
757 1861 790 1923 (tt
805 1875 865 1924 spo·

94 1933 232 1999 ponderim,
247 1948 323 1996 quum
338 1933 363 1982 id
374 1948 419 1984 nee
429 1936 580 1996 consutisjus
590 1940 663 1990 esset,
677 1947 722 1982 uec
731 1933 783 1982 iuis
791 1947 865 1996 spon-

93 2007 153 2053 dere
173 2017 266 2065 pacem,
284 2018 339 2066 quae
358 2004 407 2053 mei
422 2018 470 2053 non
486 2012 541 2053 erat
552 2005 657 2060 arbitrii,
669 2018 715 2052 nec
727 2017 773 2067 pro
787 2002 864 2061 vobis,

93 2076 137 2137 qui
147 2074 209 2122 nihil
218 2075 407 2131 mandaveratis,
416 2089 521 2138 possem.
532 2074 597 2123 bibit
604 2074 634 2122 ad
642 2074 771 2132 Caudium,
784 2074 867 2122 Patres

92 2144 243 2207 conscripti,
253 2146 369 2193 humanis
380 2145 490 2194 consiliis
497 2150 594 2205 gestum
607 2152 644 2193 est
654 2160 660 2190 ε
670 2143 704 2192 dii
712 2144 867 2192 immortales

93 2223 120 2269 et
131 2216 218 2264 vestris
230 2223 253 2264 et
262 2216 368 2265 bostium
380 2216 571 2275 imperatoribus
581 2221 689 2264 mentem
698 2215 847 2264 ademerunt
858 2231 864 2261 :

93 2299 140 2339 nec
149 2298 193 2334 nos
205 2286 231 2333 in
247 2285 311 2333 bello
320 2285 379 2334 satis
395 2286 512 2342 cavimus,
523 2294 548 2333 et
558 2283 595 2334 itti
607 2286 670 2334 mate
682 2292 779 2346 partam
793 2285 868 2334 victo-

94 2357 160 2409 riam
174 2357 238 2406 male
246 2356 416 2420 perdiderunt,
433 2356 492 2404 dum
503 2355 544 2403 vix
558 2355 628 2412 locis,
644 2355 734 2417 quibus
748 2355 866 2416 vicerant,

94 2496 466 2554 uairedilataesupraregulae-
493 2496 559 2538 nauto
573 2495 701 2536 deditiones
722 2507 732 2532 a
754 2488 870 2545 rapportea

92 2563 109 2603 t.
131 2559 185 2600 Tum
198 2560 330 2613 sponsiones
344 2572 413 2614 quum
425 2559 467 2613 soe-
494 2571 534 2613 pur
544 2556 612 2609 t.-t.‚
631 2556 668 2598 liv.
682 2555 698 2607 l,
714 2554 750 2596 rh.
762 2553 796 2596 38.
811 2573 837 2582 -
847 2551 868 2594 5.

94 2619 159 2663 dero.
175 2621 202 2662 La
217 2622 308 2676 sponsio
323 2622 417 2676 reposuit
428 2632 467 2663 sur
496 2619 720 2671 Diimiliora,s.·eut.
728 2614 798 2658 duint
806 2615 871 2668 (pour

95 2682 115 2723 lu
130 2684 255 2725 conscience
273 2691 292 2725 ct
312 2683 331 2725 la
349 2684 419 2725 bonne
436 2682 466 2724 ini
495 2672 868 2743 dent).-6.1nquod..inomnic.

96 2745 210 2795 humaiue;
220 2759 249 2787 uu
259 2746 332 2798 soedits
342 2759 368 2788 ne
379 2746 467 2799 pouvnit
496 2739 602 2794 obtipari
615 2751 638 2782 aa
652 2736 764 2805 construit
776 2736 804 2777 dc
813 2740 869 2806 troas

96 2809 141 2850 etro
159 2808 236 2849 conclu
258 2821 308 2850 sans
331 2809 466 2851 ceremonies
495 2795 869 2861 munitm:aliquaretmaltwss

95 2870 267 2922 religieusos.-
282 2870 301 2912 d.
320 2869 393 2912 Verba
412 2870 468 2924 lepi-
495 2874 529 2911 re.
551 2861 577 2902 Μ
595 2858 697 2928 “lidem-
719 2878 745 2887 ·
763 2857 783 2898 7·
805 2851 869 2924 Qum

84 2931 372 2984 limacredentiumurbm¹
380 2931 400 2975 la
408 2932 468 2984 osor·
496 2924 540 2970 Μ
550 2933 608 2980 Ρθῑῑὶ·
619 2919 678 2976 dm
687 2921 777 2973 sadum
789 2919 821 2958 ⁸²²
841 2917 867 2957 ¹⁴²
