1904 3216
325 207 363 258 EX
379 207 449 262 dliii
466 206 553 258 tttttto
572 207 597 256 1.
678 222 682 231 ·
816 208 844 258 51

69 329 112 372 est
135 322 203 380 Quid
218 323 290 373 enim
314 322 470 386 repetiimus,
490 321 552 386 quid
567 321 693 372 obsessam
712 322 801 373 urbem
818 337 847 374 er

70 395 180 444 hostium
199 394 318 444 manibus
332 394 478 457 eripuimus.
492 394 514 444 si
526 400 698 456 recuperatam
712 393 760 454 ipsi
780 395 848 443 dese-

10 488 18 521 ;·
69 464 169 514 rimus‘i
180 473 206 513 et
215 478 305 526 quum,
319 465 456 515 victoribus
469 464 554 522 Gallis,
572 470 642 524 capta
654 470 706 512 tota
718 464 790 520 urbe,
807 467 847 513 tza-

69 535 190 598 pitolium
205 541 291 585 tamen
309 542 384 599 atque
397 548 478 584 arcem
489 534 574 598 diique
582 539 608 582 at
619 532 734 583 homines
747 533 848 582 Romani

10 656 14 667 ,
71 605 212 662 tenuerint,
227 604 410 661 habitareriut;
420 603 556 653 victoribus
566 602 691 659 Romanis,
702 608 848 666 recuperata

70 675 144 731 urhe,
157 688 202 724 arx
213 688 314 737 quoque
325 681 350 724 et
359 674 505 736 Capitolium
514 671 663 723 deseretur?
674 678 700 722 et
707 672 763 735 plus
777 672 849 721 rasti-

10 790 12 799 ,
71 744 131 793 tatis
147 743 209 793 huic
220 744 279 793 urbi
292 744 401 793 secunda
414 750 497 793 nostra
509 745 609 792 tortuna
618 742 702 798 saciet,
715 755 790 804 quam
806 743 849 791 ad·

72 828 144 863 serso
164 814 233 864 iecit.
255 816 383 878 Equidem,
403 815 425 865 si
448 814 520 864 nohis
530 827 587 862 oum
600 813 662 862 urhe
674 813 750 861 simul
762 813 848 875 positae

73 885 226 948 truditaeque
246 898 290 948 per
306 899 393 936 manus
411 884 547 948 religiones
565 885 640 933 nullae
659 890 749 939 essent,
765 890 848 932 tamen

73 961 125 1002 tam
135 954 240 1003 evidens
246 968 338 1003 numen
345 955 393 1004 har
400 960 545 1016 tempestate
552 954 629 1002 rebus
638 953 715 1002 adluit
723 953 847 1010 Romanis,

71 1032 103 1072 ut
113 1035 216 1071 ornnem
225 1022 402 1084 negligentiam
412 1022 490 1072 divini
499 1024 582 1073 cultus
594 1029 732 1085 exemptam
743 1023 850 1073 homini-

72 1094 122 1143 bus
141 1099 237 1155 putem.
260 1092 394 1142 intuemini
410 1093 478 1142 enim
492 1093 583 1141 lrorum
601 1093 717 1153 deinceps
728 1104 849 1141 annorum

71 1165 112 1212 rel
123 1163 246 1212 secundas
254 1177 304 1219 res,
315 1164 350 1211 vel
363 1163 491 1212 adversas:
506 1161 639 1211 invenietis
652 1162 734 1210 omnia
748 1176 850 1225 prospe·

71 1248 101 1284 re
110 1234 226 1283 evenisse
234 1233 396 1296 sequentihus
402 1233 471 1294 deos,
484 1233 584 1283 adversa
600 1232 781 1294 spernentibus.
796 1234 849 1283 lam

73 1306 190 1355 omnium
204 1305 314 1369 primum
328 1305 414 1354 Veiens
420 1305 514 1354 bellum
525 1306 579 1367 (per
591 1311 652 1368 quot
661 1318 747 1362 auitos,
758 1312 850 1368 quanto

72 1377 161 1426 labore
176 1377 303 1440 gestuml)
322 1390 372 1426 nou
390 1376 529 1439 antecepit
553 1375 636 1432 linem,
662 1389 736 1438 quam
754 1376 850 1426 monitu

72 1449 179 1496 deorum
197 1460 262 1508 aqua
280 1461 310 1495 ex
327 1446 382 1495 lacu
395 1446 487 1496 libano
503 1445 593 1495 emissa
605 1445 638 1507 ll)
654 1451 698 1494 est.
717 1445 787 1501 Quid,
798 1446 851 1495 haec

73 1516 178 1565 tandem
199 1516 270 1564 urbis
287 1524 378 1566 nostroe
396 1517 478 1566 clades
495 1530 555 1565 nora
571 1529 630 1565 num
641 1521 791 1565 anteexorta
803 1522 849 1573 est,

72 1599 152 1649 quam
160 1594 243 1648 spreta
252 1600 298 1636 rox
304 1588 365 1636 coelo
371 1587 462 1636 emissa
469 1587 500 1635 de
507 1588 613 1635 adventu
624 1585 767 1635 Gallorum?
776 1600 851 1648 qutun

74 1656 193 1717 gentium
205 1656 246 1718 jus
258 1657 289 1706 ab
301 1658 387 1720 legatis
400 1656 493 1706 nostris
504 1657 640 1705 violatum?
656 1670 732 1719 quam
746 1657 850 1715 anobis

75 1741 158 1790 quum
179 1728 304 1777 vindicari
327 1729 437 1786 (tolieret,
463 1730 547 1778 endem
569 1728 720 1789 negligentia
746 1729 851 1778 deorum

75 1799 280 1861 praetermissum
290 1799 341 1861 (ili
353 1799 497 1862 Igiturrirti
505 1798 620 1862 captique
631 1813 659 1848 ac
666 1799 790 1862 redempti
799 1807 852 1849 tau·

76 1875 132 1917 tum
147 1882 279 1929 poenarum
289 1870 339 1920 diis
350 1870 543 1932 hominibusque
554 1870 675 1925 dedimus,
687 1877 715 1918 ut
723 1876 850 1920 terrarum

74 1939 129 1988 orbi
142 1939 291 1989 documento
301 1954 421 1989 essemus.
435 1941 550 1989 Adversas
563 1940 651 1988 deinde
663 1954 703 1988 res
719 1940 851 1990 admonue-

74 2016 137 2056 runt
150 2008 317 2069 religionum:
330 2010 489 2073 confugimus
500 2008 526 2057 iu
537 2009 685 2072 Capitolium
699 2010 730 2058 ad
741 2011 807 2067 deos,
820 2011 850 2058 ad

75 2079 159 2128 sedem
172 2079 240 2129 loris
260 2082 347 2144 optimi
367 2081 485 2139 musimi;
504 2094 574 2130 sacra
587 2081 612 2129 in
623 2081 695 2131 ruina
708 2094 794 2130 rerum
810 2095 852 2130 no·

75 2157 188 2198 strarum
201 2151 250 2200 ulia
260 2159 335 2200 terrae
348 2152 481 2201 celavimus
493 2150 534 2213 (ὅ),
544 2151 590 2199 alia
601 2158 683 2200 avecta
695 2151 722 2199 in
734 2151 850 2201 linitimas

76 2221 162 2276 urbes.
174 2221 313 2271 altissimus
324 2223 355 2269 ab
366 2222 476 2270 ltostium
485 2223 570 2271 oculis.
581 2223 688 2272 lleorum
700 2223 802 2279 cultum,
811 2225 852 2272 de-

76 2293 138 2339 serti
158 2291 190 2339 ub
212 2292 262 2342 diis
280 2293 484 2355 hominibusque,
498 2300 580 2341 tamen
596 2307 644 2340 nou
656 2292 849 2342 intermisimus.

78 2361 218 2411 Reddidere
239 2363 317 2424 igitur
337 2362 453 2425 patriam,
474 2368 499 2411 et
521 2362 661 2415 victoriam.
680 2368 705 2411 et
720 2362 850 2425 antiquum

76 2430 139 2480 belli
154 2434 232 2481 decus
247 2433 378 2482 amissum:
396 2439 421 2482 et
437 2431 463 2480 iu
479 2433 570 2486 hostes,
588 2430 632 2492 qui
644 2431 703 2480 caeoi
716 2433 817 2481 avaritia
825 2433 850 2479 iu

104 2626 176 2678 xliii,
186 2629 206 2671 1.
218 2628 285 2682 Aqua
302 2639 331 2670 as
346 2626 399 2670 hou
414 2625 453 2670 11-
479 2629 529 2668 uoto
539 2624 572 2668 11.
587 2646 614 2655 -
631 2624 652 2668 3.
671 2625 745 2670 Terrae
767 2625 854 2668 celavi·

78 2689 243 2733 donaemioso.
254 2688 304 2744 loy.
317 2695 380 2732 notre
395 2689 455 2733 ilar·
481 2685 851 2741 muspoura'nlemmldemtasal.

78 2751 222 2796 rationesde
237 2751 306 2809 ‘ialap
322 2762 343 2806 p.
360 2751 394 2802 18,
403 2757 455 2794 note
482 2749 560 2803 phrase
569 2746 679 2802 poetique.
690 2749 770 2790 Lucuiu
786 2747 817 2787 dit
825 2746 852 2788 de

79 2815 158 2858 l.-2.
167 2812 219 2868 Voy.
227 2812 320 2856 tedeuit
328 2812 356 2855 de
364 2811 456 2855 cesard-
483 2810 562 2852 mimo.
574 2809 679 2852 Plureol.
695 2808 766 2859 lollii:
777 2809 853 2850 Arum

79 2871 457 2920 nementsdanstattamttonxvn
483 2871 598 2927 dispersos
606 2871 716 2925 satlrninls
733 2871 797 2925 lones
806 2867 855 2912 Coi·

79 2940 107 2984 da
119 2937 190 2990 't.-t,.,
206 2942 230 2980 et
245 2937 295 2992 plus
308 2937 348 2980 bas
365 2936 417 2979 dans
434 2935 455 2980 la
484 2934 644 2993 imitatorum
651 2937 863 2982 moeslounnntut·
