1904 3216
65 114 113 164 ltu
373 106 534 164 datuurus

67 232 95 280 in
108 229 175 279 bello
186 234 272 292 patere
281 230 353 279 solet.
365 228 443 285 Quem
454 243 538 292 neque
548 227 628 290 gloria
642 240 723 290 neque
729 224 843 289 pericula

14 304 17 311 '
66 299 180 356 excitant,
197 297 362 361 nequicquam
377 297 497 355 hortare;
512 298 588 348 timor
602 296 679 346 arrimi
689 295 843 345 auribusol-

67 370 126 419 licit.
145 368 191 418 Sed
203 381 249 431 ego
262 383 313 427 vos,
326 382 376 430 quc
389 382 468 432 pauca
483 382 621 424 monerem.
629 365 844 426 advocari;slmul

67 441 105 491 uti
116 453 216 489 causam
229 439 280 489 mei
294 440 383 490 consili
395 439 528 502 aperirem.

99 509 171 559 Scitis
183 509 310 571 equidem,
323 509 426 569 milites,
435 510 548 560 socordia
559 516 632 572 atque
643 505 844 572 ignavialentuli

68 586 188 643 quantam
199 578 247 640 ipsi
262 579 385 642 nobisque
400 581 494 629 cladem
505 580 633 639 attulerll;
646 592 745 642 quoque
758 578 842 638 modo,

68 650 129 700 dum
137 664 167 698 ex
176 649 239 698 urhe
251 652 367 713 praesidia
377 652 505 714 opperior,
515 652 542 702 in
551 652 653 701 Galliam
663 649 790 712 proficisci
800 662 845 699 ne-

68 720 201 784 quiverim.
210 720 280 770 Nunc
294 735 352 772 uero
365 737 414 785 quo
424 720 468 787 [in]
483 723 536 773 loco
548 736 590 772 res
599 728 692 771 nostrae
702 721 761 778 sint.
772 719 845 783 juxta

68 804 169 841 mecum
184 804 272 841 omues
283 790 436 854 intellegitis.
450 791 578 842 Exercitus
587 792 698 841 hostium
709 791 768 846 duo.
777 802 846 839 uuus

69 861 100 911 ab
110 862 182 918 urhe,
201 863 265 910 alter
284 862 383 910 aGallia
396 863 427 926 (l)
444 860 560 922 obstanti
572 861 670 911 diutius
687 862 715 910 in
725 860 765 910 his
780 859 845 911 lucis

68 944 132 989 ease,
146 931 168 981 si
182 945 297 982 maxume
307 932 405 982 animus
421 934 493 991 ferat,
509 932 631 983 liumentl
647 938 722 994 atque
736 929 847 981 aliarum

68 1015 155 1053 rerum
166 1010 263 1066 egestas
281 1005 406 1067 prohibet.
422 1005 584 1068 Quocumque
606 1004 644 1053 ire
663 1004 752 1067 placet,
777 1004 847 1052 ferro

69 1074 119 1124 iter
132 1076 300 1138 aperiundum
312 1085 359 1126 est.
377 1078 532 1139 Quapropter
542 1090 584 1125 vos
604 1089 702 1131 moneo,
725 1073 764 1124 uti
785 1072 847 1122 lorti

69 1149 144 1208 atque
154 1153 241 1207 parato
252 1147 396 1195 animositis
408 1154 440 1205 et,
451 1159 528 1208 quom
542 1144 658 1207 proelium
669 1142 776 1201 intuitis,
792 1156 847 1192 me·

69 1213 195 1264 mineritis
202 1214 354 1274 lesdinium,
361 1217 444 1274 decus,
452 1216 696 1278 gloriampraeterea
701 1212 848 1261 libertatern

69 1290 143 1347 atque
155 1285 264 1349 patriam
276 1286 301 1334 in
312 1286 419 1336 dexteris
432 1285 525 1352 rustris
537 1290 647 1349 portare.
671 1282 697 1333 Si
710 1283 846 1339 uincimus

70 1356 153 1406 emnia
166 1356 237 1406 nubis
252 1364 306 1406 tuta
318 1361 402 1414 erunt,
416 1364 571 1407 commeatus
586 1354 692 1415 abunde.
707 1352 849 1416 municipia

70 1431 144 1487 atque
154 1425 257 1476 coloniae
269 1428 389 1488 patebunt
401 1442 409 1487 ;
423 1425 462 1475 siu
467 1434 536 1475 metu
542 1425 699 1482 cesserimus.
705 1424 793 1474 eadem
800 1422 849 1473 illa

70 1495 171 1544 advorsa
180 1497 255 1545 fient:
268 1511 350 1560 neque
358 1495 849 1560 locusnequeuntcusquisquamtaget,

71 1579 145 1629 quern
161 1580 231 1615 arma
246 1581 296 1616 nou
310 1569 429 1617 texerint.
442 1569 572 1624 Praeterea,
584 1566 684 1621 milites,
701 1564 850 1614 ncueadem

71 1636 141 1686 nobis
156 1645 180 1686 ct
195 1638 247 1686 illis
262 1639 418 1688 necessitudo
433 1639 574 1701 impendct;
592 1651 635 1685 nos
644 1635 788 1699 pronaum,
799 1647 849 1696 pru

72 1707 192 1765 libertate,
210 1722 254 1770 pro
264 1708 315 1757 vita
322 1716 459 1758 certamus:
472 1709 523 1757 illis
531 1718 743 1770 supervacaneum
752 1711 788 1753 ast
798 1717 849 1767 pro

72 1778 178 1838 potentia
192 1792 329 1841 paucorum
343 1793 457 1840 pugnare
472 1778 514 1843 l‘ll.
533 1777 585 1832 Quo
602 1776 721 1825 audacius
731 1773 850 1836 aggredi-

73 1847 140 1903 mini,
157 1862 279 1897 rncurores
291 1848 404 1910 pristinae
418 1848 527 1897 uirtutis.
540 1848 620 1897 Licuit
632 1847 702 1896 vohis
713 1858 772 1895 cum
780 1857 851 1895 sum-

72 1932 110 1967 ma
123 1919 276 1980 turpitudine
291 1919 317 1966 iu
332 1919 405 1968 exilio
422 1926 520 1969 aetatern
536 1931 626 1979 agere;
647 1915 766 1978 potuistis
786 1927 851 1965 nun·

72 1989 133 2038 uulli
149 1990 240 2046 llumae,
254 1990 353 2039 amissis
364 1991 446 2049 bunis,
464 1989 559 2038 alienas
570 2003 628 2052 opes
641 1990 827 2052 (5lexspectare
840 2005 848 2037 :

72 2059 128 2122 quia
140 2060 181 2107 illa
198 2061 262 2108 loeda
280 2065 353 2122 atque
369 2060 525 2108 intuleranda
542 2059 603 2110 uiris
621 2059 776 2111 ridebantur.
792 2058 850 2108 hoec

72 2129 141 2192 sequi
153 2130 305 2179 decrevistis.
322 2131 346 2180 Si
360 2131 415 2181 lraec
427 2132 573 2192 relinquere
586 2131 667 2189 voltis,
673 2129 775 2179 audacia
783 2142 849 2191 opus

71 2207 107 2248 est
122 2216 127 2246 :
142 2214 215 2248 nemu
223 2200 273 2249 uisi
286 2200 365 2249 uictor
380 2215 438 2262 pace
448 2201 544 2249 bellurn
556 2199 775 2249 mauriennam
787 2199 849 2262 luga

72 2401 130 2441 -l.
148 2400 180 2442 Ab
204 2400 297 2443 urle...
318 2413 335 2443 u
358 2400 445 2452 Gallia,
473 2397 850 2454 commenouspcureux-mdmas

72 2460 157 2503 duecte
169 2459 354 2506 de....-t.1ttts
365 2474 447 2518 super·
474 2469 497 2505 et
509 2474 563 2516 pour
572 2461 603 2503 les
614 2461 663 2516 plus
677 2460 758 2516 grands
770 2460 842 2510 luens,

73 2535 199 2565 vacaneum
221 2525 255 2565 est
273 2534 317 2577 pro
339 2524 446 2578 putentia
473 2521 849 2578 ilsuelcntquesoutcnirlapuis·

72 2596 201 2636 paucorum
210 2596 328 2641 puqnure.
341 2585 380 2626 Ces
389 2592 445 2628 nicts
472 2598 536 2628 sance
548 2583 574 2626 de
587 2586 646 2627 leurs
660 2585 763 2637 maltum,
772 2583 849 2627 l’aris·

74 2653 111 2689 ont
125 2646 144 2689 le
161 2659 213 2689 sens
228 2649 330 2689 suivant:
345 2647 395 2689 illis
405 2661 445 2690 su·
472 2647 572 2689 tueratie.
585 2669 613 2678 -
629 2647 651 2689 3.
669 2646 764 2690 Alienus
784 2657 847 2702 epea,

73 2720 219 2760 peruucuueu
240 2712 274 2750 eal
289 2722 377 2763 puqnu.
390 2709 445 2764 quic
472 2710 491 2751 le
513 2720 603 2751 secuurs
626 2707 734 2758 d’autnxi,
760 2719 849 2751 comme

72 2771 233 2823 propclenlia
251 2783 382 2825 paucorum
400 2783 445 2825 pu-
472 2770 580 2813 Adherbal
595 2770 626 2812 dit
642 2770 696 2812 dans
713 2768 846 2814 lelliech:

68 2833 152 2885 quant.
168 2832 235 2875 llsne
250 2831 386 2876 courbatteut
400 2844 445 2885 pas.
474 2832 541 2885 lucra
551 2831 642 2874 alienas
659 2844 711 2886 opes
731 2832 848 2886 exspecto·
