1906 3690
214 555 254 604 nx
270 552 363 604 lsulll
380 551 574 604 nlsronllltud
591 551 677 602 LIBRI)
694 553 732 602 lv.
811 549 859 602 489

461 754 489 804 Id

90 894 146 955 Gap.
158 892 197 941 ds.
215 891 302 943 Oratio
318 892 574 1026 θυνείἰίέὓζοηίιὲῧίὶἱη
589 891 717 960 Aquilium
728 891 856 958 Repulum.

438 978 469 1012 an
521 999 527 1011 .

112 1092 216 1138 regulum,
233 1089 380 1129 infestissimum
393 1090 429 1130 sub
446 1091 521 1128 nerone
535 1092 677 1132 accusatorem,
696 1099 764 1129 eversa
784 1095 859 1130 erasse-

91 1146 137 1176 rum
149 1140 169 1173 ct
185 1133 260 1183 orphiti
271 1135 341 1172 domus
357 1135 375 1172 in
390 1145 487 1173 summum
504 1133 571 1173 odium
586 1135 786 1173 astulonensem
796 1135 857 1181 igitur

92 1181 113 1218 in
124 1190 169 1218 eum
180 1183 258 1223 senatu.
267 1183 288 1216 ct
311 1187 374 1216 oensm
391 1179 499 1223 minitante,
516 1178 620 1228 Vipstanus
630 1178 712 1216 edessan
724 1179 784 1217 irater
797 1187 856 1216 sinsus

88 1234 157 1307 flocco
170 1223 272 1271 deprecari
288 1188 368 1260 lssxsrat
384 1223 486 1274 quosdam,
495 1222 594 1274 ¹Occurrit
610 1222 662 1261 truci
677 1222 764 1261 oratione
778 1221 856 1259 Curtius

108 1272 191 1307 ontunus
200 1271 295 1306 aderens
306 1267 404 1314 quondam
418 1277 439 1305 in
455 1267 533 1304 exilium
543 1272 607 1311 ectus,
615 1271 636 1305 et
652 1277 676 1305 eo
689 1276 752 1314 usque
765 1276 800 1314 pin
815 1275 858 1304 ret-

90 1323 124 1352 sos
134 1315 170 1356 est,
182 1316 204 1349 ut
220 1316 259 1360 pon
274 1311 339 1349 oaedcn
356 1310 425 1353 detor,
436 1311 498 1364 domm
514 1312 630 1362 trurteotort
648 1312 722 1349 Pisonis
740 1275 856 1363 peucedano

88 1357 168 1441 &W
184 1359 319 1404 appetitumque
339 1363 401 1394 nmo
419 1355 494 1394 Paeone
510 1357 563 1402 capet
581 1354 689 1405 obiecisset
703 1353 788 1393 cdeiade
799 1354 856 1392 addi·

127 1415 133 1439 l

120 1499 169 1547 lloc
176 1505 243 1548 certe
251 1498 314 1548 dero
321 1513 371 1548 non
383 1498 474 1560 coegit,
485 1512 531 1548 nec
542 1497 687 1560 dignitatem
698 1503 742 1547 aut
752 1497 856 1547 salutem

88 1567 132 1616 illa
148 1568 241 1617 saevitia
251 1568 389 1618 redemisti.
401 1569 462 1618 Sene
472 1568 608 1618 toleremus
619 1567 725 1617 istorum
734 1567 857 1616 defensio·

88 1653 142 1693 nes,
160 1638 203 1701 qui
215 1641 321 1703 perdere
330 1640 391 1690 alios
399 1653 474 1702 quam
485 1639 624 1703 periclitari
635 1638 684 1701 ipsi
695 1639 853 1688 maluerunt:

89 1710 379 1773 tesecurumreliqueret
390 1709 446 1759 exul
455 1714 558 1772 pateret
568 1709 857 1760 divissintercreditores

88 1781 160 1839 bona,
168 1781 279 1830 nondum
287 1782 410 1848 honorum
417 1795 492 1844 capax
503 1779 642 1836 aetas,nihil
652 1779 720 1842 quod
732 1786 856 1831 extecon-

88 1852 225 1914 cupisceret
240 1852 312 1910 llere,
324 1852 388 1902 nihil
402 1851 469 1916 quod
478 1852 587 1902 timeret.
598 1850 712 1900 Libidine
728 1851 856 1915 sanguinis

88 1927 112 1971 et
123 1921 195 1971 hiatu
210 1923 374 1984 praemiorum
385 1922 499 1984 ignotum
512 1921 592 1971 adhuc
605 1920 735 1982 ingenium
744 1928 769 1971 et
779 1921 856 1971 nullis

88 1989 271 2041 defensionibus
285 1997 412 2056 expertum
426 1991 492 2040 caede
510 1989 588 2040 nobili
601 1989 723 2048 imbuisti,
736 2003 814 2053 quum
826 2004 855 2040 ex

88 2061 175 2110 lunere
186 2061 329 2125 reipublicae
338 2061 418 2126 raptis
426 2060 599 2112 consularibus
608 2061 696 2124 spoliis
705 2060 747 2126 ll),
758 2068 864 2123 septun-¹

88 2133 140 2195 gies
155 2133 268 2182 sestertio
282 2133 393 2196 signatus
404 2132 438 2197 (ἲ)
448 2140 473 2182 et
481 2130 617 2183 sacerdotio
622 2131 730 2195 fulgens,
741 2131 857 2182 innoxios

89 2211 188 2261 pueros,
200 2198 312 2253 illustres
320 2212 404 2255 senes,
412 2197 559 2259 conspicuas
570 2196 769 2248 leminaseadem
783 2199 856 2249 ruina

90 2266 856 2332 prosterneres3quumosegnitiamdes·onisrincusares,‚equod

85 2348 130 2396 per
146 2334 255 2398 singulas
269 2336 355 2398 domos
367 2350 443 2400 seque
456 2343 481 2386 et
490 2335 614 2386 delatores
626 2336 742 2397 latigaret
759 2359 765 2384 ι
780 2349 852 2398 posse

85 2404 229 2454 universum
239 2412 351 2456 senatum
360 2421 409 2456 una
416 2420 475 2456 uoce
484 2405 604 2455 subverti.
615 2404 756 2461 »Retinete
768 2403 851 2457 Patres

85 2475 232 2538 conscripti,
247 2483 272 2525 et
287 2482 411 2527 reservate
423 2475 612 2526 neminemnam
625 2474 730 2538 expediti
744 2476 851 2535 consilii,

85 2551 113 2593 ut
124 2545 204 2594 omnis
217 2551 276 2594 aetas
284 2545 406 2595 instructa
411 2545 450 2605 sit,
457 2550 483 2594 et
490 2544 614 2607 quomodo
623 2557 695 2594 senes
703 2545 784 2594 nostri
792 2546 852 2597 liar

111 2704 144 2746 Ll.
155 2706 175 2748 l.
192 2705 274 2761 Raptis
293 2705 455 2749 consulatibus
481 2703 853 2761 -2Septoapiessestertc‘olc'est·

85 2767 173 2821 spoliis,
185 2768 264 2822 charge
280 2769 319 2811 des
334 2768 455 2824 depouilles
481 2768 552 2810 adire
567 2765 699 2822 septuopies
710 2766 787 2810 decem
799 2767 853 2811 mil-

85 2828 231 2880 consulaires,
250 2828 395 2881 dest-edire,
417 2828 455 2872 des
484 2827 544 2870 lidus
559 2826 729 2882 sestertiorum)
737 2827 851 2883 sipontus,
912 2860 913 2864 ,

84 2889 206 2944 depouilles
226 2889 277 2932 d'un
305 2890 393 2933 homme
416 2891 454 2945 qni
482 2887 601 2944 stigmatisd
625 2899 665 2942 par
682 2887 711 2943 (ln
728 2891 852 2944 possession

86 2949 136 2993 ituit
146 2950 221 2993 consul
231 2963 259 2993 ou
269 2952 308 3006 qui
324 2951 396 2994 l'avait
411 2950 453 2994 ete.
482 2951 561 3005 iniuste
580 2950 614 3004 de)
634 2954 682 3004 sept
704 2950 801 2995 milliens
825 2953 853 2998 de

86 3011 453 3068 Est-ceGrassuslest-cellrplritus,
482 3019 595 3064 sesterces,
606 3011 697 3054 environ
706 3011 818 3064 seleuco
823 3015 852 3060 lr.

84 3074 161 3126 quien
175 3073 227 3116 erret
242 3075 299 3117 avait
318 3073 455 3118 soeconsulr
482 3075 595 3130 beaucoup
624 3072 740 3118 d'dditicns
764 3082 786 3119 ct
819 3076 853 3123 les

84 3133 142 3176 Nous
156 3147 184 3177 ne
201 3135 221 3178 le
237 3147 315 3178 essone
331 3147 455 3191 pss,perce
484 3136 606 3181 Gradena
622 3141 716 3191 portent,
726 3149 755 3181 su
770 3138 853 3185 lieude

84 3205 126 3247 que
146 3193 179 3237 les
196 3195 296 3238 derniers
321 3194 388 3240 liores
415 3196 454 3240 des
481 3196 626 3254 separationis
640 3195 703 3250 locon
721 3200 851 3256 meinaim,

85 3256 184 3300 Annales
192 3257 454 3315 soniperdusdlernouf.
481 3259 606 3316 conjectans
615 3255 667 3301 dont
675 3269 704 3303 on
712 3265 766 3316 peut
774 3272 800 3304 se
808 3262 857 3307 ‹lis-
