1904 3216
300 183 337 234 EX
352 186 423 234 littt
438 185 525 236 liutto
540 186 652 238 mill.
814 189 858 239 rut

122 307 180 359 liure
192 315 284 364 parare
299 310 325 351 et
339 316 452 364 quaerere
466 302 574 352 arduum
586 303 641 359 tuit,
653 305 736 352 nescio
747 319 778 353 an
793 309 859 356 tucri

91 372 787 436 difficiliussit.Genlisvelustissimaenobilissimmqucrel
796 378 860 425 t'ama

91 456 176 491 rerum
190 451 325 503 gestarum,
339 444 377 492 tel
388 444 456 493 omni
471 444 683 493 commendatione
700 446 860 495 lmmmtitatis

90 514 318 577 doctrinarumque,
336 518 455 566 tuendam
474 517 504 565 ab
520 517 622 566 seruitio
638 516 707 579 regio
723 518 860 568 libertatern

89 584 243 646 suscepistis.
251 586 475 647 Hocpatrocinium
485 594 590 649 recepte
596 587 622 635 in
630 587 704 637 fldem
713 596 736 635 et
745 588 771 635 in
781 589 860 637 clion-

90 657 166 705 telam
182 663 287 705 vestram
303 658 423 707 universae
438 658 520 718 gemis
528 666 675 720 perpetuum
684 672 726 707 tos
741 666 861 720 prmstare

88 727 169 776 decet.
180 727 241 786 lion,
254 742 311 790 quae
320 728 348 778 iu
359 729 410 778 salo
419 729 492 778 modo
503 730 607 791 antiquo
620 737 687 785 sunt.
705 730 794 779 Granum
808 746 860 781 nte-

89 796 128 859 gis
145 798 220 848 urltes
239 805 308 857 sunt,
322 813 396 861 (tuam
414 800 516 848 coloniae
535 813 631 855 earum,
650 799 719 849 illinc
735 801 859 863 quondam

88 872 206 932 prolectat
221 869 248 918 in
262 869 351 919 Asiam.
363 871 410 920 Nec
425 876 494 919 terra
505 876 599 918 mutata
611 871 713 919 mutarit
724 884 803 933 genus
815 879 859 921 aut

90 954 180 989 mores.
193 942 294 991 dertare
311 942 353 1004 pio
370 942 506 991 certamine
524 941 657 1001 cujuslibet
670 941 742 991 ltonae
754 942 816 991 artis
830 956 860 992 ac

88 1010 188 1061 virtutis
203 1012 257 1061 ausi
272 1025 358 1062 sumus
375 1012 407 1073 (6)
425 1025 480 1061 cum
495 1010 639 1073 parentibus
657 1023 761 1072 quaque
771 1011 859 1062 civitas

89 1088 114 1133 et
128 1083 299 1132 conditoribus
309 1083 372 1132 suis.
386 1083 476 1131 ddistis
488 1081 596 1139 Gmeciae,
612 1081 699 1130 edistis
710 1081 770 1130 deire
784 1084 859 1134 nrbes

89 1153 219 1215 plerique:
232 1153 282 1203 nisi
292 1154 358 1215 quod
370 1154 467 1215 longius
478 1166 492 1202 a
503 1151 571 1201 tobis
583 1152 709 1209 absumus,
724 1152 793 1201 nulla
805 1154 858 1202 riu-

87 1224 172 1274 cimur
188 1225 282 1273 aliare.
300 1224 470 1281 Massilienses,
481 1236 551 1285 quos,
566 1222 588 1271 si
603 1221 777 1271 naturaiasita
792 1225 859 1273 relut

88 1293 187 1356 ingenio
203 1299 278 1343 terrae
298 1294 363 1343 rinei
379 1300 469 1356 posset,
481 1293 534 1354 iam
551 1291 646 1354 pridem
664 1292 809 1343 efferassent
823 1300 860 1343 tot

88 1365 215 1414 indomitae
226 1366 382 1414 circumfusae
392 1371 484 1425 gentes.
498 1364 525 1412 in
538 1376 566 1411 eo
578 1363 679 1414 honore.
692 1363 757 1412 inea
769 1364 860 1415 merito

87 1434 209 1496 dignitate
223 1435 338 1484 audimus
353 1436 418 1496 apud
431 1448 471 1483 vos
482 1447 545 1491 esse,
558 1446 586 1481 ac
599 1432 620 1480 si
634 1432 742 1482 medium
756 1434 858 1484 umbili-

87 1520 147 1557 cum
161 1506 261 1556 Graeciae
268 1505 406 1554 incolerent
417 1503 458 1569 (l).
474 1505 524 1553 lton
541 1504 607 1552 enim
621 1515 710 1551 sottum
724 1503 796 1551 modu
808 1503 859 1553 lin-

86 1590 143 1639 guae
156 1577 324 1639 vestitumque
337 1584 361 1623 et
373 1576 494 1636 habitunt,
507 1575 549 1623 sed
558 1581 616 1622 aitte
629 1572 712 1621 omnia
726 1586 817 1631 mores,
831 1580 857 1625 et

88 1649 163 1710 leges,
178 1653 203 1696 et
216 1646 345 1711 ingenium
358 1646 483 1695 sincerum
496 1646 675 1707 integrumque
686 1658 701 1693 a
714 1644 858 1706 contagione

85 1719 236 1776 accolarum,
250 1726 391 1769 servarunt.

116 1783 856 1850 Terminusestnuucimperiirastritnottslaurtts.Qtticquid

84 1858 152 1907 intra
165 1872 223 1907 eum
240 1858 367 1908 cardinem
382 1864 427 1909 est.
440 1857 503 1906 nihil
515 1857 679 1917 longinquum
694 1855 761 1903 voltis
775 1856 856 1905 rideri

85 1929 168 1978 debet.
181 1928 232 1984 Qua
246 1943 313 1977 arma
329 1938 408 1977 restra
422 1932 594 1987 pervenerunt.
607 1930 693 1977 eodem
706 1942 743 1979 ms
755 1924 854 1989 ltinc(8)

86 1999 223 2059 proiectum
234 1999 369 2061 perteniat.
376 1998 485 2054 Barbati,
495 1997 586 2060 quihus
597 2010 642 2058 pio
651 1997 749 2056 legibus
757 2009 861 2057 somper-

84 2068 244 2118 dominorum
257 2069 362 2133 imperia
371 2071 482 2125 luerunt,
496 2081 546 2128 quo
557 2066 590 2128 (9)
603 2065 800 2127 gaudertt‚reges
812 2067 855 2114 lta·

82 2227 292 2285 protendentia...
311 2227 379 2283 lopez
406 2227 455 2283 plus
483 2228 552 2269 terre
569 2227 661 2267 leoninae
680 2226 700 2266 le
718 2225 749 2267 dit
761 2224 853 2269 ttaatim

84 2291 138 2331 itaut
154 2289 175 2333 le
194 2290 293 2333 discours
311 2289 337 2332 de
360 2287 454 2339 lliaion.
483 2288 536 2330 dans
545 2288 566 2330 le
581 2287 637 2329 iliae.
652 2285 777 2339 clxxiiii),
788 2300 852 2341 parce

83 2350 158 2394 duxlt.
169 2350 223 2394 -6,
238 2350 390 2403 Aueieunnta,
400 2362 456 2392 nous
483 2349 549 2403 qu'ou
563 2350 645 2403 croyait
662 2360 705 2403 que
722 2348 809 2391 l'orarle
825 2350 852 2393 de

84 2425 151 2456 avone
160 2414 278 2467 entrepris‚
289 2424 344 2455 nous
353 2425 380 2455 en
389 2423 457 2454 avons
484 2410 577 2464 Delphes
593 2410 646 2452 eam
664 2410 684 2451 le
701 2409 761 2463 point
770 2410 851 2455 cenant

84 2474 143 2518 eule
159 2486 262 2528 couraga.
277 2497 304 2505 -
320 2474 339 2516 l.
357 2472 456 2517 Medium
484 2473 510 2514 de
521 2471 541 2514 la
551 2478 617 2514 terre.
628 2494 654 2502 -
669 2470 689 2515 8.
708 2470 774 2522 ilinc,
791 2472 852 2517 e'ust·

83 2535 220 2579 ttmdilicum
249 2535 341 2579 Graecia
372 2535 456 2577 incole
482 2534 577 2577 ddirea
594 2533 728 2576 vorin-u.
741 2533 788 2585 Qua
797 2546 853 2588 pour

82 2600 136 2641 rent
163 2605 196 2641 est
219 2598 246 2640 ici
266 2610 310 2639 una
329 2597 454 2651 metaphora
482 2594 852 2650 qnar‹·.savoirregidttslmdett·

83 2673 140 2715 pour
155 2661 203 2704 dire
219 2661 319 2703 mediant
334 2659 452 2704 Graeciam.
482 2658 525 2700 dis.
536 2658 710 2708 Ettsuite,auatn
720 2657 850 2711 fortunam,

82 2723 157 2765 G'estd
168 2721 261 2776 Delphos
271 2734 314 2777 qne
333 2722 453 2776 s'applique
482 2733 524 2762 nne
533 2720 627 2775 position
639 2718 770 2771 inierieure,
781 2722 851 2764 moins

81 2782 237 2839 spdcialement
256 2783 276 2826 lo
294 2794 344 2825 notn
354 2783 380 2825 da
391 2793 453 2837 appa·
481 2783 507 2825 de
517 2782 642 2836 puissauce;
653 2784 740 2824 uestros
751 2782 849 2831 animoa,

80 2850 115 2894 ‘ate
144 2845 250 2895 Ἑλλάδος,
279 2851 301 2887 at
328 2845 399 2887 mdme
428 2844 455 2887 de
481 2843 502 2886 le
521 2845 592 2887 intime
606 2855 684 2885 amour
697 2843 724 2886 de
738 2843 759 2885 la
773 2845 855 2887 liberte

82 2911 169 2962 δμφιλδς
190 2916 232 2962 γῆς,
248 2905 372 2950 umbilicus
391 2904 455 2950 orbis
483 2912 506 2950 cl
520 2906 561 2952 ties
574 2906 718 2950 'tusl'tlul'tnns
728 2904 871 2958 repumicat-

715 3002 762 3051 KQ·
