1906 3690
162 151 177 199 8
469 155 629 208 eraclonus

165 264 274 310 obsidentis,
281 270 405 317 scribamque
412 276 448 318 pro
455 278 509 322 rege,
517 281 575 317 quem
587 283 624 309 non
633 273 719 315 noverat,
727 271 834 309 obtruncat.
842 271 937 322 Compre-
947 271 949 275 '

166 312 235 348 tensus
242 320 253 346 a
260 311 384 356 sateltitibus,
392 314 439 358 quid
451 324 509 353 animi
519 317 610 354 imbuerit
625 317 727 353 interritus
739 316 858 362 profitetur:

331 407 360 450 Un
369 415 414 451 mot
423 409 508 463 d’aveu,
518 411 539 454 le
549 417 608 456 reste
618 425 646 455 en
656 425 765 456 menaces.

194 522 317 571 Romanus
332 536 387 571 surn
407 523 483 581 civis;
506 527 530 576 G.
546 527 653 575 Mucium
666 530 761 575 vocant.
778 524 860 573 Hostis
876 525 935 574 hos·

162 598 213 642 tem
228 592 339 642 occidere
357 595 423 643 volui
432 611 439 652 ;
459 609 505 645 nec
521 597 552 645 ad
564 605 670 646 mortern
690 595 773 645 minus
793 594 871 643 animi
886 601 934 654 est,

162 675 238 724 quarn
252 662 299 710 tuit
308 663 335 710 in
348 664 441 712 caedem
450 679 456 714 :
466 672 491 713 et
501 667 582 714 facere
596 673 620 714 et
634 666 685 728 pati
699 666 782 720 tortia,
793 665 934 712 Romanurn

163 739 209 782 est.
229 732 277 781 uec
293 747 357 782 unus
373 735 399 782 in
412 741 435 784 te
446 749 492 796 ego
504 737 549 785 hos
559 737 656 785 animos
673 735 755 797 gessi:
773 736 862 795 longus
877 740 935 795 post

47 841 53 856 .
163 820 204 855 mc
218 807 278 855 ordo
292 813 328 855 est
339 807 405 859 idem
414 808 550 870 petentium
565 809 648 858 decus.
663 807 768 856 Proinde
783 805 810 852 in
826 805 873 853 hoc
883 804 935 853 dis·

47 871 65 946 1’.
112 932 115 937 Δ
163 877 268 931 crimen,
280 877 301 924 si
313 876 391 938 juvat,
407 878 544 938 accingere,
563 885 590 926 ut
604 878 630 926 in
644 877 754 938 singulas
765 877 839 923 horas
853 873 935 936 capite

50 955 52 962 ’
163 945 266 995 dimices
278 951 321 996 tuo
337 947 386 1010 (1);
402 947 500 996 ferrum
512 949 657 1009 hostemque
671 947 697 995 in
709 944 829 994 vestibulo
840 943 935 992 habeas

163 1017 248 1078 regiae.
270 1017 318 1066 Hoc
336 1018 382 1066 tibi
404 1018 520 1081 juventus
544 1019 653 1068 Romana
676 1017 810 1066 indicimus
830 1015 933 1063 bellurn.

163 1087 261 1137 Nullam
277 1089 364 1145 aciem,
383 1089 482 1136 nullum
497 1089 614 1152 proelium
629 1087 761 1144 timueris;
776 1084 821 1134 uni
838 1084 894 1142 tihi,
910 1091 935 1133 et

165 1172 223 1209 cum
233 1158 350 1221 singuiis,
364 1173 406 1209 res
418 1159 474 1208 erit.

538 1293 558 1341 X

166 1427 222 1488 Cap.
244 1424 284 1473 at.
306 1425 391 1477 Oratio
407 1426 507 1544 Μανῖἓί9
517 1424 643 1556 Conladato?
656 1423 691 1474 od
713 1424 803 1474 Patres
819 1422 876 1486 (265
896 1423 934 1484 R„

520 1510 556 1545 av.
584 1523 603 1542 .-
622 1533 627 1542 .

188 1599 275 1637 secessio
283 1599 345 1646 plebis
352 1600 371 1637 in
378 1599 458 1636 Sacrum
470 1603 555 1636 montem
569 1609 598 1636 rna
612 1608 655 1634 uam
669 1608 750 1636 annonae
762 1599 861 1636 caritatem
869 1599 935 1642 Rome

166 1642 266 1696 effecerat.
275 1646 356 1694 Senatus
367 1644 450 1680 aSicitia
461 1643 578 1694 frumentum
585 1607 720 1693 advertendum
726 1644 808 1693 curavit,
815 1643 899 1695 agitarit
911 1653 935 1695 ne

166 1693 234 1735 quanti
253 1689 305 1740 plebi
320 1690 404 1725 daretur.
419 1689 447 1726 ihi
469 1689 488 1723 G.
509 1689 592 1724 Marcius
612 1655 935 1739 Coriolanus„hostisutrinunfliae

166 1735 275 1783 potestatis,
283 1733 349 1769 Patres
356 1734 445 1769 hortatur
453 1736 475 1769 ut
483 1732 600 1770 trumentum
608 1732 659 1778 oleta
666 1741 704 1769 non
711 1733 769 1770 anter
776 1731 869 1776 drudam,
876 1741 934 1780 quam

167 1784 185 1812 si
192 1777 266 1815 tribuni
273 1786 284 1813 e
292 1778 391 1823 republica
399 1777 504 1813 tollantur:

193 1855 222 1898 iic
231 1857 381 1912 i'indignation
391 1871 441 1900 sans
450 1857 568 1912 prudence.
579 1855 628 1898 Aris
638 1857 735 1898 extremo
744 1868 787 1898 non
796 1853 885 1898 motive.

198 1953 223 2003 Si
242 1968 364 2003 annonam
378 1961 486 2003 veterem
505 1952 538 2016 (t)
558 1952 652 2008 volunt,
667 1952 709 2014 jus
726 1951 861 2013 pristinum
874 1951 935 2000 red-

166 2022 227 2075 (iant
234 2024 357 2074 Patribus.
373 2025 421 2073 Cur
437 2036 498 2083 argo
509 2021 617 2084 plebeios
628 2022 796 2083 magistratus,
811 2034 858 2069 cur
872 2019 936 2070 Sici-

166 2096 237 2143 nium
245 2102 368 2154 potentem
384 2091 582 2157 [pollentemque]
596 2091 676 2146 video,
687 2090 827 2153 subjugum
833 2090 934 2146 missus,

166 2170 283 2226 tanquam
297 2179 311 2213 a
323 2164 461 2213 latronibus
475 2163 636 2224 redemptus!
651 2162 732 2224 Egone
745 2162 790 2210 iias
801 2160 936 2222 indignita-

167 2240 204 2283 tes
216 2234 309 2283 diutius
316 2235 397 2297 patiar
408 2247 481 2295 quam
491 2245 593 2282 necesse
603 2233 660 2281 est?
676 2230 839 2294 Tarquinium
849 2242 936 2291 regern

168 2305 212 2366 qui
223 2304 387 2361 nontulerim,
401 2303 522 2352 Sicinium
534 2303 629 2351 feram!
643 2302 757 2351 Secedat?
765 2315 840 2358 nunc,
852 2305 937 2350 avocet

167 2373 280 2435 plebem:
297 2375 414 2435 paterna
432 2375 457 2423 in
475 2375 578 2424 Sacrum
594 2379 703 2421 montem
717 2372 828 2434 aliosque
848 2373 934 2421 colles.

167 2443 270 2507 Rapiant
278 2446 404 2494 frumenta
412 2460 442 2494 ex
455 2445 522 2507 agris
530 2444 633 2502 nostris,
644 2443 853 2505 quemadmodum
862 2441 936 2492 tertio

195 2567 228 2610 tx.
245 2570 265 2611 t.
284 2568 364 2624 Capite
381 2569 476 2612 dimices
501 2571 540 2612 tuo
566 2568 593 2611 dc
603 2573 624 2610 ta
639 2579 745 2622 personne
756 2580 761 2608 ε
772 2577 797 2608 cs
806 2565 845 2621 qui
854 2565 889 2608 u’a
899 2578 937 2621 pas

168 2641 197 2672 ns
206 2629 297 2683 ‚signitie
313 2641 359 2684 pas,
370 2642 454 2673 comme
471 2641 500 2673 on
512 2629 540 2672 l'a
567 2636 659 2673 sourent
675 2629 720 2672 lieu
738 2628 791 2671 dans
804 2627 836 2670 tes
845 2639 938 2683 guernes

169 2691 278 2746 explique,
288 2691 317 2734 de
328 2692 405 2748 capite
419 2694 465 2744 tuo,
474 2704 541 2747 «pour
567 2692 595 2734 do
603 2692 656 2735 rois.

168 2752 424 2795 urie.»n·auceurdit:
437 2752 541 2809 Propone·
593 2749 617 2795 X.
643 2752 658 2795 t.
687 2753 808 2797 Annonam
839 2754 938 2797 veterem

168 2814 347 2858 toidcombattra
355 2821 423 2870 parta
431 2816 541 2871 personna
567 2815 709 2867 dest-adire,
718 2817 783 2858 octus
800 2827 900 2858 canona
909 2827 941 2859 on

158 2879 221 2916 etan
233 2875 313 2931 nequo
326 2876 540 2936 decarnetpayer
566 2877 687 2935 frumenti
710 2876 826 2934 pretium.
852 2875 952 2917 Sicinius
