1904 3216
114 185 160 235 asa
281 164 283 169 ’
420 185 579 237 onnriouns

145 301 176 351 llt
188 307 224 359 tu,
236 300 358 359 centurio.
373 301 456 359 miles,
469 300 530 364 quid
539 299 570 350 de
581 300 732 363 imperatore
748 299 834 349 Paullo
848 312 891 352 se·

116 378 190 422 natus
209 372 315 424 decrerit
331 372 424 438 poti-us,
437 388 512 438 quam
529 374 589 439 quid
600 373 798 426 Servius'·Galba
812 374 891 426 labu-

117 444 193 499 letur.
209 444 284 494 audi:
296 451 322 495 et
334 446 381 494 boc
395 446 478 496 dicere
488 461 527 496 me
538 447 628 510 potius,
639 460 714 508 quam
723 446 804 502 illum,
816 448 888 497 audi.
899 484 901 489 -

117 514 162 563 llle
176 514 248 571 nihil,
266 522 435 578 preterquam
447 517 524 580 loqui,
540 523 566 567 et
579 517 604 567 id
623 516 707 580 ipsum
718 516 841 567 maledice
857 533 889 569 ac

116 585 233 646 maligne,
249 585 352 635 didicit:
369 599 414 648 ego
426 593 466 637 ter
479 593 504 636 et
516 587 590 638 vicies
604 587 744 638 cumbusta
765 600 810 649 per
824 601 891 651 pro-

116 656 268 706 vocationem
281 657 400 717 pugnavi3
425 672 455 706 ex
466 658 589 716 onmibus,
606 673 663 710 cum
676 659 768 721 quibus
782 672 889 710 manum

117 726 242 784 conserui.
258 726 336 789 spolia
345 727 437 789 retuli;
450 728 549 791 insigne
559 743 651 791 corpus
659 729 771 779 honestis
783 728 889 781 cicatri-

117 795 196 852 cibus,
210 796 434 848 omnibusadverso
446 812 551 861 corpore
561 798 677 863 exceptis,
693 799 784 849 babeo.

140 917 228 955 undasse
246 916 318 955 deinde
330 927 352 956 ae
362 917 442 962 dicitur,
454 923 482 963 et,
500 930 538 968 quo
547 928 632 969 quasque
644 919 696 958 bello
713 919 793 958 vulnera
802 922 888 968 accepto

118 962 294 1014 essentretnlisse.
304 962 407 1014 Quaedum
414 967 504 1014 ostentat.
511 965 610 1015 adapertis
615 965 666 1002 torte
675 973 720 1012 quta
730 963 813 1002 vetanda
820 967 886 1010 aaut

118 1010 184 1044 tumor
192 1015 293 1053 inguinum
300 1017 395 1056 proximis
405 1018 468 1046 risum
474 1012 541 1046 movit
870 1020 873 1025 ·

149 1109 199 1160 lloc
210 1122 318 1173 quoque,
335 1111 401 1173 quod
408 1111 505 1176 ridetis,
515 1112 605 1177 mquit,
616 1113 644 1162 in
652 1126 716 1175 equo
725 1112 778 1162 dies
788 1119 886 1163 noctes-

118 1195 167 1244 que
176 1181 330 1244 persedendo
339 1182 434 1232 babeo:
448 1196 494 1232 nec
508 1183 589 1244 magis
602 1197 641 1233 me
655 1184 717 1246 ejus,
735 1197 809 1247 quam
820 1183 890 1233 cica-

117 1252 209 1301 tricum
217 1253 315 1311 barum,
325 1254 400 1314 pudet
407 1254 572 1317 poenitetque;
586 1255 684 1317 quando
690 1267 816 1315 nunquam
823 1253 887 1303 mibi

118 1322 297 1384 impedimento
310 1323 340 1371 ad
349 1322 527 1385 rempublicam
534 1325 597 1373 bene
604 1324 739 1384 gerendam
747 1323 814 1373 domi
819 1323 888 1374 mili-

118 1391 209 1452 tiaeque
221 1393 276 1441 luit.
288 1392 338 1454 ugo
355 1393 401 1441 hoc
417 1394 486 1442 terro
502 1407 567 1456 saepe
580 1399 694 1443 vexatum
707 1407 799 1456 corpus
815 1400 888 1442 vetus

118 1462 190 1510 miles
202 1461 397 1511 adolescentibus
414 1461 537 1510 militibus
552 1464 664 1512 ostendi:
676 1463 750 1514 Galba
766 1461 848 1511 nitens
860 1471 885 1511 et

61 1569 65 1575 .
118 1534 246 1594 integrum
258 1533 374 1582 denudet.
383 1538 509 1594 ltevocate,
522 1534 544 1583 si
555 1534 661 1594 videtur,
674 1533 780 1590 tribuni,
792 1533 823 1582 ad
832 1533 887 1583 suf-

13 2313 88 2379 uun·

118 1604 227 1664 fragium
248 1603 327 1652 tribus
339 1619 346 1660 ;
359 1617 405 1666 ego
421 1603 452 1653 ad
467 1619 519 1663 vos,
532 1603 627 1656 milites
640 1604 701 1668 (tl),
719 1604 884 1670 [descendam.

119 1681 254 1737 euntesque
266 1674 296 1722 ad
317 1675 437 1735 suffragia
452 1676 600 1729 assectabor,
613 1683 638 1724 et
656 1677 746 1725 notabo
759 1675 886 1737 improbos

119 1745 291 1806 ingratosque,
303 1750 328 1793 et
339 1759 381 1794 eos
394 1747 437 1806 qui
453 1758 502 1794 non
517 1745 573 1806 regi
586 1760 613 1795 se
626 1747 658 1796 ab
671 1747 828 1810 imperatore,
843 1745 887 1794 sed

119 1828 177 1864 eum
188 1816 256 1865 ultro
262 1815 308 1863 sibi
317 1829 363 1877 per
373 1815 534 1864 ambitionem
545 1816 641 1865 seruire
654 1830 753 1880 aequum
764 1813 885 1877 censent]

476 1955 538 2007 CCIV

116 2066 171 2128 Gap.
186 2068 225 2117 ll.
238 2069 325 2118 Oratio
339 2070 366 2118 L.
380 2068 575 2206 AEmifilffpwm
587 2071 623 2120 ad
636 2070 760 2134 Populum
771 2069 895 2121 denaorte

475 2156 567 2190 acrum.

143 2267 210 2304 victor
225 2266 303 2303 Paullus
316 2264 447 2312 triumphavit.
456 2266 528 2302 verum
542 2273 580 2302 non
591 2264 682 2314 ul’eraaus
696 2265 774 2314 tantum
786 2271 824 2312 per
840 2260 887 2299 illos

121 2311 164 2349 dies
178 2312 312 2360 docuniontum
330 2311 551 2360 humanorumfiasuum
568 2309 610 2345 lun.
626 2317 646 2344 in
658 2309 790 2358 catenm'anta
805 2315 886 2344 currum

122 2362 201 2392 victoris
217 2356 270 2392 ducis
287 2365 322 2401 per
332 2355 400 2391 urbem
416 2355 500 2391 bostium
516 2351 640 2406 duetusppad
655 2355 713 2390 etum
727 2354 788 2388 victor
799 2349 885 2401 Paullus,

122 2411 169 2436 atrro
181 2409 308 2450 purpuraque
319 2399 400 2449 fulgens.
411 2400 457 2434 llam
472 2397 549 2435 duobus
557 2406 569 2434 e
577 2396 629 2447 blus,
639 2404 696 2443 quos,
711 2394 788 2433 duobus
799 2392 849 2444 dotis
866 2403 887 2430 m

122 2445 252 2491 adoptionem,
262 2443 313 2479 solos
322 2451 416 2492 nominis·
425 2451 526 2479 sacrorum
538 2439 655 2492 tamibaaqua
674 2438 759 2491 heredes
779 2441 888 2487 retinuerat

124 2489 181 2524 dnni.
192 2488 254 2538 minor
262 2488 323 2524 lei-ma
334 2485 437 2536 duodecim
446 2495 506 2522 annos
515 2488 676 2535 natusqumque
684 2483 754 2534 diebus
762 2485 808 2563 gnte
815 2486 892 2560 ῑάηιιω

124 2528 808 2626 tumnultutancsustineneamus-„nnc
823 2533 889 2620 sae

125 2621 348 2670 struantestnunnpbost
367 2622 483 2665 oportuerat.
494 2619 561 2655 Paucis
567 2621 610 2664 post
617 2616 692 2666 diebus.
701 2619 746 2654 data
755 2615 797 2652 alt.
836 2616 889 2650 tomo

126 2665 204 2713 tribuno
214 2664 276 2708 plebis
292 2672 392 2715 'concione
403 2672 462 2710 quum
475 2662 500 2698 de
514 2673 556 2713 suis
565 2663 625 2712 rebus
634 2665 695 2712 gestis
709 2668 764 2709 mora
777 2659 889 2696 ceterorum

126 2710 264 2787 impierziro}·um
277 2707 407 2752 disseruisset,
427 2706 558 2745 memorabilis
572 2716 615 2752 esus
628 2708 690 2742 oratio
699 2707 720 2742 at
732 2703 789 2752 digua
803 2701 890 2738 Romano

125 2752 212 2799 principe
230 2752 264 2788 uit.
734 2798 744 2826 ο

126 2847 493 2890 Tibrolldlilites.lcicommence
519 2845 568 2889 crit.
583 2842 718 2887 Freinsbeim
732 2856 744 2887 a
762 2838 853 2899 suppldd
867 2839 889 2884 la

123 2923 167 2952 nne
174 2909 258 2964 mande
270 2908 348 2953 lacuna
366 2906 395 2952 dn
405 2920 493 2953 manus·
519 2907 550 2951 dn
558 2906 589 2951 du
596 2905 702 2951 discours.
