1904 3216
65 162 111 210 aaa
200 229 203 235 1
371 160 533 212 ouariouus

65 277 147 338 agitis,
162 277 247 325 Patres
259 276 406 338 Conscripn,
420 290 497 339 quem
507 282 593 343 contra
604 280 704 324 aetatem
714 273 747 338 (ii
758 275 837 338 proje

65 340 837 407 otumadbeilumsaevissumumcnmexer'cituoptumemerito,
919 358 920 363 ¹

66 423 188 478 quantum
200 415 274 465 estin
289 417 367 474 vobis,
382 416 456 471 fame,
473 415 622 465 miserruma
628 416 740 465 omnium
746 419 837 472 morte,

67 486 217 535 confecistis.
234 486 282 534 Hac
293 486 320 534 in
331 501 374 550 spe
387 488 491 549 populus
505 487 628 536 Romanus
642 485 732 534 liberos
740 499 800 534 suos
808 485 838 534 ad

64 557 159 605 bellum
167 557 237 606 misit
244 557 258 604 i
265 558 318 607 haec
328 565 386 607 sunt
395 557 498 620 praemia
506 571 553 619 pro
562 557 704 606 volneribus
712 562 738 606 et
747 557 839 606 totiens
905 568 923 615 ’ζ

66 628 97 676 ob
111 627 291 689 rempublicam
304 628 360 676 fuso
377 628 614 690 sanguineiFessus
631 624 766 675 scribundo
774 627 839 676 mit·
909 660 917 699 :-

66 697 192 758 tundoque
206 695 299 755 legatos
313 697 395 745 omnis
405 710 464 758 opes
477 701 503 746 ct
514 709 570 758 spes
579 695 688 758 privatas
699 710 767 746 meas
777 709 839 746 con·

66 768 169 826 sumpsi,
184 780 258 828 quom
273 767 374 817 interim
388 767 478 816 avobis
488 780 534 830 per
545 767 679 815 triennium
689 765 728 815 vix
740 780 838 816 annuus
924 809 927 830 ἶ

67 843 180 898 sumptus
190 837 263 885 datus
278 846 324 886 est.
339 837 387 886 Per
401 837 459 887 deos
468 836 625 893 immortalis,
635 842 722 887 utrum
731 837 838 886 censetis
926 840 932 862 ³

66 920 106 955 me
120 908 197 955 vicem
211 907 283 955 arari
298 913 428 975 praestare,
449 921 480 956 an
493 907 629 956 exercitum
641 905 696 955 sine
710 905 839 957 frumento

67 981 92 1026 et
106 978 228 1040 stipendio
242 977 334 1026 habere
349 976 438 1040 posse?

99 1045 219 1107 Equidem
230 1047 310 1094 i‘ateor
320 1060 360 1094 me
369 1045 399 1094 ad
408 1046 453 1094 hoc
464 1045 558 1095 bellum
566 1045 661 1107 maiore
672 1044 753 1094 studio
763 1057 838 1105 quam
902 1094 905 1101 ,

67 1116 171 1165 consilio
184 1117 337 1178 protectum5
354 1116 446 1179 qnippe
460 1116 503 1178 qui
517 1118 618 1166 nomine
631 1115 704 1165 modo
720 1114 838 1177 imperia

66 1188 136 1235 vobis
150 1194 257 1249 accepto,
270 1188 357 1236 diebus
369 1187 533 1248 quadraginta
544 1187 679 1236 exercitum
689 1185 774 1248 paravi
789 1185 838 1234 bo·

66 1257 159 1318 siisque
172 1256 197 1305 in
212 1256 347 1305 cervicibus
358 1256 408 1319 jam
418 1256 496 1305 ltaliae
503 1255 599 1318 agentis
613 1255 748 1318 ahiipibos
757 1255 783 1303 in
793 1255 838 1303 Hi-

67 1327 176 1388 spaniam
183 1328 302 1376 submovi.
311 1328 358 1377 Per
365 1341 406 1376 eas
413 1327 460 1376 iter
468 1328 535 1377 atiud
545 1334 618 1390 atque
628 1326 756 1382 Hannibal,
767 1325 838 1375 nobis

67 1397 233 1459 opportunius
245 1396 357 1459 patefeci.
375 1397 464 1459 Recepi
475 1397 587 1458 Galliam,
600 1399 755 1458 Pyrenaeum,
768 1395 837 1445 bale-

66 1469 168 1523 taniam
182 1469 299 1528 Indigetis
313 1468 355 1531 (ὅ),
367 1474 392 1516 et
400 1468 508 1531 primum
521 1470 641 1531 impetum
653 1467 746 1516 Sertori
758 1466 839 1515 victo-

67 1536 838 1599 risnovismiiitibusetmultopaucioribussustinui,hiemem·

68 1620 118 1668 que
127 1608 213 1655 castris
221 1608 286 1655 iuter
295 1608 447 1656 saevissumos
456 1608 541 1666 bostis,
551 1619 599 1656 non
609 1621 653 1668 per
660 1607 747 1669 oppida
756 1620 838 1668 neque

68 1689 97 1724 ex
106 1675 241 1724 ambitione
251 1690 304 1725 mea
318 1676 350 1740 (i)
360 1676 410 1736 egi.
424 1675 486 1730 Quid
496 1676 677 1738 deindeproelia
688 1683 731 1724 aut
739 1675 839 1738 expedi·
902 1682 906 1687 '

67 1745 147 1793 tiones
160 1746 287 1801 hibernas,
308 1747 396 1808 oppida
409 1746 489 1795 excisa
503 1752 546 1795 aut
558 1752 655 1808 recepta
673 1745 839 1794 enumerem?
923 1761 924 1764 ¹

68 1816 166 1877 quando
178 1829 218 1863 res
233 1817 288 1877 plus
301 1817 365 1864 vaiet
378 1830 453 1877 quam
466 1816 551 1864 rerba.
561 1815 640 1864 Castra
654 1814 763 1864 hostium
772 1814 838 1876 apud

69 1885 202 1935 Sucronem
216 1887 249 1949 (5)
261 1893 330 1948 capia
341 1893 365 1935 et
377 1886 493 1948 proelium
504 1886 569 1949 apud
580 1885 673 1936 flumen
688 1884 788 1933 Turiam
804 1883 835 1946 (b)

70 1961 95 2004 et
107 1957 156 2006 dux
170 1957 277 2004 hostium
292 1956 317 2005 C.
334 1955 473 2004 Herennius
481 1969 539 2005 cum
548 1957 611 2005 urbe
620 1956 727 2004 Valentia
734 1962 760 2004 et
767 1968 839 2004 exer-

70 2137 122 2173 veut
141 2130 189 2172 dire
209 2130 271 2172 nihil
287 2129 401 2186 pojan-
418 2129 439 2173 Ξ.
467 2138 530 2186 porto
552 2144 594 2174 aux
613 2132 724 2174 honneurs
743 2142 787 2187 quc
805 2130 838 2173 les

69 2192 155 2235 Contra
165 2193 274 2234 atatem:
294 2190 441 2246 Pompeen'a-
467 2192 582 2248 provinces
590 2192 705 2234 rendaient
723 2203 765 2235 anx
783 2203 838 2235 non·

69 2254 235 2308 vaitaiorsqne
249 2251 276 2295 29
293 2251 441 2295 ans.Pourse
468 2264 538 2295 veaux
561 2253 697 2307 proconisum,
724 2251 837 2294 honneurs

69 2313 441 2369 soumeureauipenibiesdevoirs
468 2315 511 2357 fort
529 2313 673 2356 ambitionnas
695 2311 837 2364 dominura,

68 2377 99 2418 ‹iu
109 2376 206 2418 consulat
215 2383 237 2418 et
253 2375 282 2418 du
292 2376 440 2430 proconsulat‚
468 2376 523 2418 mais
532 2388 576 2431 que
590 2374 683 2431 Pompea
697 2373 775 2417 avitait
782 2385 839 2428 pona

70 2439 85 2480 il
96 2438 168 2480 aurait
183 2450 212 2492 pn
229 2438 328 2480 attendre
344 2437 399 2492 l'age
413 2437 441 2480 de
468 2440 514 2481 tire
524 2444 571 2481 tout
580 2437 652 2480 entier
660 2449 703 2479 aux
711 2441 802 2479 navant
811 2435 838 2479 de
928 2443 931 2470 ³

69 2500 96 2542 to
114 2511 161 2550 ans,
182 2501 221 2554 age
232 2498 294 2552 exige
313 2510 353 2554 par
371 2498 392 2540 la
411 2498 441 2541 ioi
468 2501 488 2543 ia
499 2498 740 2554 gueme.-5.Sucro‚
751 2496 839 2540 villada
918 2503 930 2557 ·.'

69 2573 125 2618 pour
144 2561 318 2603 leoousulat.-
335 2562 356 2604 3.
375 2559 441 2604 naie-
468 2561 578 2616 PEspagne
594 2558 773 2614 Tamannouna,
793 2559 837 2613 aui.

70 2622 282 2677 tauiu,1udipetea‚
293 2622 442 2677 paysdei'iis·
468 2622 562 2673 Guilera.
581 2621 635 2664 dans
650 2620 671 2662 lo
690 2631 794 2674 royanma
811 2618 838 2662 dc
923 2615 927 2632 ‘

69 2685 329 2739 pagneTarragonnaise,
346 2696 374 2727 en
390 2683 442 2736 deci
471 2684 570 2735 valence,
590 2695 629 2725 sur
646 2682 679 2725 les
697 2681 763 2725 bords
781 2681 839 2724 dela

70 2752 97 2794 de
117 2745 194 2803 Piliae,
214 2751 267 2793 dans
286 2751 307 2795 la
326 2750 441 2805 catalogue
469 2746 599 2802 rivierequi
615 2758 627 2788 ι
644 2744 838 2789 oousemtiouom
918 2742 926 2795 ζ·

71 2813 240 2866 d'aujourd'hui.
251 2814 307 2857 -t.
325 2813 400 2868 Neque
415 2824 443 2854 ex
470 2811 547 2854 ancien
556 2810 635 2853 Xucar.
645 2833 671 2841 -
686 2807 706 2851 6.
720 2807 800 2859 Turia,
818 2806 838 2850 le
917 2840 923 2855 ,

70 2872 200 2918 ambitione
215 2886 273 2917 mea.
285 2873 333 2917 Caci
353 2886 376 2916 se
393 2885 442 2929 rap·
468 2871 611 2916 Guadalaviu·
629 2869 796 2926 d'aujourd'hui.
813 2891 839 2902 -
