1904 3216
131 210 178 262 tot
400 166 407 177 θ
434 208 597 260 clationis

131 322 231 373 nullum
240 322 520 387 brevioresnatioquam
528 324 646 373 adversus
656 321 736 371 Gallos
749 319 907 377 conlectum

133 390 251 442 continua
258 391 316 442 inde
322 407 351 442 ac
357 393 536 456 fidapaxzjam
549 392 671 453 moribus,
679 390 783 447 artibus,
798 389 909 440 affinita-
926 400 929 407 ’

131 461 202 512 tibus
221 462 315 512 nostris
328 460 411 520 mixti,
423 477 514 512 aurum
525 467 550 512 et
563 477 622 525 opes
634 475 692 512 suas
702 460 814 511 inferant
824 460 910 526 potius

133 546 211 596 quam
224 533 332 595 separati
348 533 462 583 habeant.
476 531 573 590 Omnia,
586 534 671 583 Patres
682 531 910 596 conscriptique

133 616 200 652 nunc
212 603 379 653 vetustissima
392 603 536 660 eraduntur.
553 617 616 653 nova
630 605 715 653 luere:
728 601 813 665 plebei
828 602 910 665 magi·

131 681 225 723 stratus
241 679 298 736 post
306 674 432 737 patricios,
453 674 535 724 Latini
555 672 745 736 post-plebeios
764 679 911 722 ceterarum

133 744 212 793 ltaliae
220 744 334 806 gentium
345 751 402 806 post
410 744 517 794 Latinos.
526 743 745 793 inveterascethoo
754 756 874 807 quoquez
888 749 911 794 et

132 814 279 877 quodhodis
291 815 411 877 exemplis
423 821 532 875 tuemur,
548 814 733 876 intererempla
747 812 807 863 erit.

240 1066 296 1115 nx
317 1068 454 1116 niano
478 1068 547 1116 xii
570 1064 800 1115 annuunt!
842 1039 844 1046 ’

476 1256 568 1307 lxvlll

134 1380 193 1442 Cap.
209 1379 249 1430 37.
266 1381 353 1432 Oratio
372 1379 513 1437 Coronaei,
527 1379 716 1430 Britannorum
732 1378 913 1443 imperaturo,

89 1455 91 1459 '
167 1464 246 1515 quum
257 1450 371 1514 captiuus
387 1448 589 1500 cunctanctium
601 1449 739 1498 sisteretur.
750 1447 819 1511 (L'an
829 1447 885 1514 5⁰.)

166 1587 201 1645 si,
213 1594 305 1650 quanta
313 1587 430 1638 nobilitas
441 1594 466 1639 et
480 1589 578 1638 fortuna
589 1588 652 1638 mihi
663 1589 720 1646 luit,
738 1593 810 1638 taum
824 1602 915 1640 rerum

136 1671 314 1721 prosperarum
326 1659 463 1709 moderatio
480 1659 578 1717 luisset,
595 1661 689 1709 amicus
708 1658 792 1722 potius
807 1658 836 1708 in
851 1659 916 1711 hano

137 1728 228 1777 urbem
237 1741 314 1790 quam
329 1737 414 1790 captus
435 1728 570 1787 venissem;
584 1743 665 1791 neque
683 1728 834 1790 dedignatus
849 1743 916 1780 esses

135 1797 357 1859 clarismaJoribus
365 1806 457 1856 ortum,
467 1798 581 1860 plurilus
590 1798 707 1861 gentibus
716 1798 916 1860 imperitantem,

139 1869 233 1932 loedere
246 1868 314 1931 pacis
324 1869 446 1931 accipere.
463 1869 572 1918 l'raesens
584 1883 639 1918 sors
645 1882 709 1926 mea,
721 1874 750 1917 ut
761 1868 827 1916 mihi
835 1869 917 1920 inl'or·

137 1939 196 1994 mis,
209 1939 246 1988 sic
260 1939 307 1989 tibi
326 1939 517 1999 magnificasse.
536 1940 613 1989 llahui
631 1952 717 2001 equos,
736 1938 814 1997 viros,
835 1954 916 2000 arma,

139 2025 212 2079 opes:
223 2011 285 2073 quid
300 2011 404 2067 mirum,
419 2009 442 2059 si
456 2011 508 2059 liaeo
527 2011 620 2060 invitus
637 2011 730 2059 amisi‘l
746 2009 809 2058 Num
824 2011 871 2077 (l),
895 2013 918 2062 si

138 2095 182 2130 vos
188 2081 303 2129 omnibus
309 2079 454 2142 imperitare
462 2080 546 2138 vullis,
559 2081 796 2143 sequiturutomnes
804 2083 918 2134 servitu·

139 2159 190 2200 torn
197 2151 335 2213 accipiant?
344 2150 369 2200 Si
379 2150 464 2199 statim
472 2150 569 2200 deditus
581 2152 703 2210 traderer,
712 2164 794 2213 neque
800 2165 860 2201 mea
866 2153 918 2204 lor·

140 2229 209 2278 tuna,
217 2236 297 2284 neque
303 2229 346 2270 tua
352 2221 433 2282 gloria
442 2221 608 2280 inclaruisset,
620 2228 644 2271 et
652 2222 803 2285 supplicium
810 2224 919 2275 meiol)-

140 2294 197 2343 lirio
213 2298 370 2354 sequeretur:
385 2298 410 2341 at
427 2292 449 2341 si
463 2292 610 2341 incolumem
627 2293 771 2352 servaveris
788 2299 919 2347 aetemum

138 2363 265 2424 exemplar
271 2361 408 2412 clemenliae
417 2374 469 2410 ero.

167 2510 253 2557 livill.
269 2514 290 2557 l.
309 2511 376 2565 Num,
391 2511 515 2556 correction
527 2509 556 2556 de
567 2509 709 2566 lusto-lipsa,
720 2522 775 2567 pour
786 2525 856 2561 naua.
