1904 3216
126 121 156 168 50
428 117 591 170 nutaturus

126 234 244 291 nimenta,
259 234 312 282 sine
326 233 474 283 stationibus
492 248 520 282 ac
534 234 663 290 custodiis,
678 234 773 297 passim
788 236 900 287 terarum

127 305 179 353 ritu
201 311 364 353 sternuntur:
383 318 450 352 nunu
467 304 496 350 ab
513 303 631 352 secundis
648 304 723 352 rebus
733 305 814 364 magis
825 307 899 356 etiam

128 378 201 425 solito
214 377 318 425 incauti.
334 376 356 424 Si
376 375 445 424 vobis
456 374 480 422 in
491 375 575 422 animo
586 381 621 422 est
632 375 698 422 tueri
716 376 807 423 moenia
820 384 901 426 vestra

128 462 174 496 neo
194 447 244 509 pati
266 449 318 495 haeo
337 447 418 494 omnia
434 445 536 494 Galliam
551 445 615 502 fieri,
629 447 710 507 prima
721 445 805 507 vigilia
818 448 900 510 capite

127 531 197 566 arma
209 520 365 577 frequentes:
380 529 420 564 me
438 515 573 576 sequimini
585 515 616 563 ad
626 515 728 572 caedem,
742 529 792 563 nou
810 517 841 564 ad
858 532 903 580 pu·
926 556 928 568 .

128 602 202 650 gnam
214 602 220 645 ;
234 586 284 635 nisi
296 586 388 635 vinctos
402 600 490 634 somno
506 586 537 646 (ὅ)
561 586 639 634 veluti
656 587 762 648 pecudes
774 587 903 636 trucidan-

128 660 173 707 dos
180 657 315 713 tradidero,
326 669 375 705 non
382 669 470 705 recuso
476 658 583 705 eundem
590 654 677 704 Ardea
685 668 771 704 rerum
786 670 902 706 mearum

129 729 225 779 exitum
234 741 308 790 quem
321 730 403 777 Romae
419 726 505 776 habui.

479 919 552 969 XLIII

176 1045 233 1106 Gap.
248 1040 425 1092 manuario
438 1041 469 1091 M.
482 1040 555 1091 Furii
567 1041 673 1092 Camilli
685 1042 721 1092 ad
731 1043 853 1104 Quirites.

152 1169 213 1212 Quum
223 1165 274 1201 victo
290 1174 379 1211 rasoque
395 1165 491 1202 Gallorum
506 1163 603 1207 exercitu,
620 1163 699 1211 profugi
717 1167 788 1213 passim
807 1168 827 1205 ln
845 1169 902 1210 lulla

132 1210 210 1249 Romani
220 1209 238 1246 in
248 1209 316 1246 Urbem
333 1208 445 1252 reditasent,
462 1207 617 1259 plebemautem
633 1209 710 1246 incensa
726 1215 778 1248 tecta
795 1213 902 1254 restituere
933 1233 936 1238 ·

131 1257 214 1303 pigeret.
224 1254 308 1295 tribuni,
318 1254 435 1290 concitantia
445 1254 578 1291 multitudinis
587 1255 680 1303 adrepens
695 1255 764 1292 Patres
779 1258 902 1298 occasionem

129 1301 189 1343 nacti,
198 1298 307 1335 suadebant
324 1300 432 1333 utoeserta
449 1298 497 1334 urhe
513 1297 592 1332 Romam
607 1298 664 1334 Veros
680 1297 793 1343 migrarent.
803 1302 864 1346 Quam
880 1303 902 1340 in

130 1341 250 1424 sentekilitlilamt
259 1350 318 1388 quum
328 1350 389 1388 prona
399 1340 452 1388 plebs
462 1340 570 1391 rideretur,
579 1345 648 1377 contra
664 1343 757 1382 Gaiuillue
765 1344 815 1381 lianc
825 1346 902 1384 oratio-

130 1398 174 1425 nem
195 1396 239 1422 our
258 1398 263 1420 ς

158 1484 176 1526 I.
188 1482 278 1525 Camillo
292 1494 316 1523 se
330 1483 375 1524 voit
383 1495 463 1528 encore
476 1481 560 1525 eulaeo
570 1482 608 1525 des
618 1483 712 1534 tribuns,
723 1497 780 1538 pour
796 1487 901 1535 dolendis

131 1557 175 1588 une
185 1544 278 1586 seconde
288 1543 329 1585 tots
340 1543 415 1594 Rome,
425 1541 490 1598 qu'ils
499 1543 589 1586 veuleut
601 1542 740 1586 abandonner
749 1545 814 1599 apros
823 1546 901 1592 l'avoir

131 1606 234 1650 arrachee
240 1619 281 1648 aux
287 1605 382 1648 GauloIs.
388 1606 506 1656 Lesdieux,
512 1605 565 1648 dont
573 1605 900 1663 ilsdesertentlessanctuaires,

131 1682 159 1711 ne
169 1669 201 1711 los
210 1667 285 1710 ont-ils
296 1680 334 1721 pas
343 1666 392 1722 deja
402 1678 462 1710 assez
472 1667 554 1709 averita
563 1667 601 1709 des
611 1666 741 1710 chatimerus
751 1668 818 1723 qu'ils
827 1670 901 1715 reser-

131 1737 183 1773 vent
191 1742 233 1772 aux
243 1729 335 1784 impiest

163 1866 185 1913 I.
202 1863 266 1911 Adeo
276 1861 339 1910 mihi
349 1863 443 1910 acerbae
452 1868 519 1920 sunt,
529 1862 645 1918 Quirites,
660 1862 829 1914 contentiones
844 1880 901 1916 oum

131 1934 238 1984 tribunis
255 1932 342 1994 plebis,
360 1938 389 1978 ut
403 1946 447 1979 neo
461 1932 687 1983 tristissimi-exilii
703 1935 819 1984 solatium
832 1936 903 1986 aliud

131 2005 272 2058 habuerim,
292 2003 373 2064 quoad
389 2002 474 2051 Ardere
486 2003 541 2060 vixi,
557 2018 633 2066 quam
644 2005 709 2067 quod
718 2008 803 2066 procul
816 2007 847 2055 ab
861 2009 900 2057 his

132 2074 309 2124 certaminibus
321 2086 403 2120 eram:
419 2079 443 2120 et
456 2073 488 2121 ob
503 2074 590 2122 eadem
604 2075 665 2129 haec,
679 2075 770 2130 uomsi
784 2075 854 2124 mille
866 2091 903 2126 se·

132 2143 324 2194 natusconsultis
334 2143 466 2205 populique
473 2158 545 2201 ,iussu
555 2144 713 2200 revocaretis,
720 2144 849 2194 rediturus
860 2160 903 2195 un-

131 2231 205 2279 quam
225 2215 322 2264 luerim.
339 2214 386 2262 It‘ec
402 2228 468 2263 uum
485 2228 534 2269 me,
546 2219 574 2262 ut
591 2214 707 2266 redirem.
720 2228 774 2262 mea
785 2215 902 2265 uoluntas

132 2294 235 2341 mutata,
252 2286 295 2334 sed
313 2292 394 2332 vestra
412 2283 510 2332 fortuna
528 2283 652 2345 perpulit:
666 2283 764 2346 quippe,
781 2292 809 2333 ut
819 2287 844 2334 in
858 2300 903 2338 sur.

132 2359 189 2408 sede
203 2361 317 2406 maneret
326 2356 416 2416 patria,
429 2356 452 2403 id
462 2355 598 2416 agebatur;
612 2368 660 2403 non
680 2361 708 2403 ut
719 2369 765 2416 ego
778 2356 865 2419 utique
877 2359 903 2407 iu

133 2428 212 2490 patria
224 2440 312 2475 essem.
331 2428 359 2474 Et
370 2439 436 2473 nunc
455 2424 609 2486 quiescerem
626 2432 770 2475 actaeonem
785 2427 900 2486 libenter,

132 2499 181 2548 nisi
193 2501 247 2548 haec
258 2511 356 2559 quoque
369 2511 413 2557 pro
424 2495 505 2558 patria
521 2495 645 2544 dimicatio
654 2502 734 2554 esset;
756 2497 797 2546 oui
808 2497 902 2557 deesse,

133 2571 213 2633 quoad
227 2569 276 2617 vita
297 2572 419 2629 suppetat,
438 2565 494 2615 aliis
512 2573 594 2628 turpe,
616 2566 718 2615 Camillo
738 2567 813 2616 etiam
833 2572 904 2619 nelas

133 2707 234 2751 morolio
241 2705 309 2761 quoti
317 2705 466 2760 exprobratio
473 2707 506 2748 eet
533 2705 588 2748 C'est
600 2704 740 2760 l'equIvalent
756 2705 782 2748 de
801 2705 906 2762 l'expres·

133 2769 274 2813 immemoris
301 2769 402 2822 benefici.
431 2791 458 2799 -
484 2768 504 2810 5.
533 2768 581 2810 sion
612 2768 740 2824 homerique
765 2769 905 2823 mmlqptrce

138 2834 227 2877 Vinctos
236 2843 322 2882 somno,
333 2837 355 2873 ct
368 2841 410 2873 non
425 2830 504 2874 vloloe.
533 2834 590 2874 lere.
