1904 3216
106 201 152 252 tto
411 199 573 250 outttouus

449 357 534 408 ctxtt

103 483 164 544 Gap.
177 480 216 529 ii.
233 479 320 532 Oratio
333 481 360 528 P.
376 478 512 543 Scipiones,
525 496 609 530 recens
630 481 658 530 io
670 483 811 547 Hispanias
822 499 877 532 cum

294 549 399 614 imperio
411 548 490 606 nrissi,
501 550 536 598 ad
545 550 690 600 exercitum.

128 674 148 710 Ρ.
156 670 228 723 scipio.
237 671 270 720 qui
280 674 346 722 postea
356 669 459 722 Africanus
468 669 573 713 dictasset.
583 677 627 710 auto
634 677 725 720 orrartum
733 678 752 712 et
764 673 878 712 vicesimum

104 719 171 757 atatis
180 726 250 765 anuum
259 725 330 754 missus
339 725 359 754 m
373 716 473 763 &spanias
487 715 601 766 imperator,
611 720 677 764 grates
692 719 732 766 agit
747 718 844 757 militibus
853 719 878 757 ob

104 762 200 811 pietatem
209 769 228 796 ru
237 764 313 810 patrem
348 763 453 810 truumqua
463 770 519 799 ouum
533 770 588 799 vivos
604 767 742 812 mortuosque:
753 765 804 802 bono
813 761 878 800 auimo

105 816 126 848 m
135 809 238 856 posterum
248 812 307 851 assat
335 807 363 842 et.

132 902 294 947 Ramemtmant
303 913 345 944 aux
354 900 434 946 soldats
445 903 485 959 qui
496 909 534 946 ont
542 903 624 947 honori
633 904 666 947 las
675 904 774 959 Soipion;
784 903 877 948 ielioita-

21 951 28 959 ’
105 963 151 1008 tion
160 964 173 1007 t
183 976 238 1007 caux
247 963 286 1019 qui
297 969 334 1006 ont
343 963 477 1007 conservata
490 963 621 1019 repubiiqua
637 977 677 1020 par
687 964 806 1020 l'iispaguo.
818 991 845 998 -
860 965 877 1008 ll

103 1025 168 1081 s'agit
190 1025 241 1069 d'an
256 1025 344 1068 ohasser
361 1025 393 1069 ies
409 1025 566 1080 Carthaginois,
584 1027 654 1082 proJet
673 1027 799 1079 audaciam,
821 1029 876 1071 mais

103 1087 239 1144 qu'autorisa
248 1087 269 1130 le
279 1087 379 1130 honhour
390 1088 428 1131 das
438 1100 510 1131 armes
520 1089 637 1132 romainas.
650 1088 729 1133 Toutes
738 1088 771 1132 las
783 1102 875 1144 guerras

102 1149 133 1194 do
145 1150 220 1202 Roma,
234 1149 381 1193 dosastreuses
388 1163 417 1193 au
426 1156 621 1203 commaucoment‚
631 1157 669 1195 ont
678 1164 707 1195 au
714 1164 757 1195 uua
767 1152 876 1196 heureusa

104 1214 209 1257 issue·
228 1210 250 1254 st
267 1211 321 1254 dans
333 1210 354 1254 le
366 1211 468 1255 malhaur
482 1211 515 1255 los
528 1211 608 1255 soldats
617 1218 655 1256 out
663 1212 729 1256 saura
741 1212 763 1255 la
772 1213 876 1267 province

103 1276 132 1320 da
142 1276 218 1326 Roma,
231 1287 259 1318 ua
268 1275 290 1317 lo
303 1274 401 1317 iaront-il
409 1287 447 1330 pas
457 1273 595 1330 auiourd’hui
604 1287 647 1330 qua
657 1274 677 1318 ia
687 1275 773 1319 fortune
783 1282 816 1318 est
826 1288 876 1330 pro·

104 1339 170 1394 picot
179 1336 235 1380 'i'out
244 1335 335 1392 presago
349 1336 387 1379 des
403 1336 495 1379 succos:
506 1335 619 1391 l'ilspagno
628 1343 662 1379 ast
675 1336 731 1380 lassa
740 1336 778 1378 das
788 1336 876 1379 Cartha-

103 1398 188 1454 giuois;
202 1396 235 1441 las
252 1396 403 1452 Carthaginois
419 1403 468 1440 sont
483 1397 579 1440 disunis.
597 1421 624 1430 -
640 1398 733 1450 Quales
752 1397 833 1442 soldats
848 1413 877 1443 ue

104 1465 225 1517 manquant
233 1472 272 1514 pas
280 1472 309 1501 au
324 1471 375 1501 nom
389 1459 427 1502 des
438 1458 536 1515 sopiam
548 1459 612 1515 qu'ils
621 1461 720 1516 puissent
728 1461 776 1503 voir
790 1461 877 1504 revivre

16 1536 18 1547 ’
102 1534 141 1567 ces
152 1521 219 1565 heros
229 1521 283 1564 dans
295 1520 346 1564 laur
355 1519 452 1576 general.

134 1639 209 1688 tiemo
230 1644 287 1686 ante
299 1650 339 1686 me
353 1649 431 1686 novus
443 1637 578 1696 imperator
591 1637 713 1687 militibus
722 1638 781 1694 suis,
794 1638 878 1698 prius-

100 1722 178 1772 quam
188 1721 263 1770 opera
276 1720 363 1755 eorum
377 1720 439 1755 usus
451 1712 522 1759 esset.
537 1706 630 1766 gratias
639 1719 712 1768 agere
718 1707 777 1769 jure
787 1721 815 1755 ac
826 1721 877 1756 me·

102 1780 154 1830 rito
165 1777 253 1841 potuit.
266 1776 301 1824 ue
316 1777 393 1834 robis,
408 1776 555 1839 priusquam
570 1776 721 1839 provinciam
734 1783 776 1826 aut
795 1784 876 1826 castra

103 1846 348 1906 videramobligavit
356 1846 463 1904 fortuna,
473 1846 592 1908 primum,
602 1846 666 1909 quod
675 1860 705 1896 ea
715 1846 806 1908 pietate
817 1861 875 1908 erga

102 1927 200 1984 patrem
226 1924 391 1980 patruumque
412 1929 496 1966 meum
515 1917 582 1965 vivos
599 1923 760 1978 mortuosque
778 1917 873 1975 fuistis,

103 1989 203 2043 deinde,
215 1986 282 2049 quod
299 1985 416 2034 amissam
434 1991 501 2033 tanta
516 1985 585 2035 clade
597 1985 730 2047 provinciae
744 1988 876 2048 possessio·

103 2073 170 2116 nem,
187 2058 310 2118 integram
328 2062 353 2105 ot
373 2056 464 2117 populo
480 2057 596 2114 Romano,
608 2064 632 2104 et
652 2058 788 2106 successori
803 2058 874 2116 mihi,

104 2130 282 2178 uirtutevastra
293 2124 496 2174 obtinuistissed
501 2139 579 2186 quum
585 2127 636 2185 jam
641 2125 875 2184 benignitatedettm

104 2200 131 2249 id
144 2212 259 2262 paremus
274 2203 349 2259 atque
360 2210 470 2257 agamus,
481 2209 531 2246 non
542 2203 572 2245 ut
581 2196 627 2258 ipsi
640 2210 785 2246 maneamus
798 2199 825 2247 in
835 2199 877 2248 Hi·

103 2270 197 2333 spania,
206 2269 247 2318 sed
257 2281 289 2315 ne
296 2267 361 2316 Poeni
370 2273 494 2323 maneant,
502 2279 547 2316 nec
555 2271 583 2315 ut
590 2279 635 2328 pro
642 2266 698 2328 ripa
706 2267 770 2316 Iberi
781 2276 875 2318 stantes

103 2353 232 2389 arceamus
252 2337 359 2386 transitu
391 2337 481 2394 hostes,
500 2338 544 2387 sed
572 2344 601 2385 ut
622 2338 687 2387 ultro
711 2345 873 2397 transeamus,

105 2497 116 2519 ι
130 2480 207 2522 Gratim
216 2479 274 2521 ultro
287 2478 414 2521 consulibus
425 2490 476 2533 aga·
505 2496 515 2517 α
529 2479 717 2534 recipiundam
731 2480 808 2524 scriba
818 2481 876 2524 refe·

104 2559 117 2580 ι
129 2541 217 2584 bantur.
233 2543 314 2583 Senatu
328 2541 378 2584 iuda
400 2540 474 2590 mtsso,
505 2559 515 2580 ι
529 2542 599 2585 ruudo
608 2541 742 2586 sufficerant.
752 2542 812 2586 Hunc
823 2557 876 2587 cou-

106 2619 116 2640 ι
130 2615 198 2657 proso
208 2603 301 2658 quisque
311 2613 476 2654 aurumargeu-
505 2619 515 2641 ι
529 2607 874 2660 seusumsauatusequasterordo

105 2681 116 2703 ι
133 2669 210 2706 tumet
224 2676 253 2706 res
267 2664 290 2705 iu
302 2662 412 2717 publicum
424 2674 476 2705 con-
505 2683 514 2704 a
529 2672 562 2708 ast
573 2672 678 2709 secutus:
696 2668 804 2722 equestris
817 2669 875 2710 ordi·

106 2745 117 2766 ι
134 2725 409 2776 iorurrt,tantooar·tamine
421 2724 476 2778 inje·
505 2727 571 2778 «nis,
584 2725 667 2780 plebes.
684 2727 715 2770 lta
727 2728 775 2770 sina
794 2729 873 2780 edicto,

106 2795 172 2841 «oto,
193 2793 217 2829 ut
230 2788 299 2842 prima
324 2785 381 2827 inter
394 2786 475 2839 primos
504 2789 574 2831 «siue
590 2789 721 2832 coercitione
736 2791 875 2845 magistratus

105 2846 476 2901 ‹nominasuavotloutinpublicis
505 2850 604 2893 “classis
619 2856 694 2895 ornata
710 2858 744 2896 ast
762 2859 784 2896 et
802 2855 874 2897 omnia

96 2927 110 2949 a
122 2911 274 2963 tabuliscsse;
282 2914 306 2952 ut
314 2921 355 2952 nac
364 2908 475 2952 triumviri
504 2926 514 2949 ι
526 2912 734 2960 aumathettum.
749 2932 759 2953 2
