1904 3216
288 201 326 250 llll
343 202 658 255 saalustutttutllttflt.
813 207 860 259 363

84 315 191 381 injurias
210 330 299 368 curare
323 317 390 366 licet.
410 318 514 366 lantum
539 317 602 366 illud
623 333 724 376 vereor,
744 334 776 369 ne
796 336 859 383 quos

87 389 181 452 privata
198 388 305 438 amicitia
323 388 454 449 iugurthae
472 402 561 449 parum
583 389 680 450 cognita
704 398 859 443 transvorsos

87 468 142 520 agat
153 459 214 522 (ta),
227 473 288 520 quos
299 474 344 519 ego
357 459 431 506 audio
445 474 557 508 rnaxurua
568 474 613 521 ope
624 460 679 515 niti,
690 462 795 518 arnhire,
804 463 859 512 sati-

87 546 146 593 pare
157 545 199 580 ros
216 531 337 592 singulos,
351 545 382 578 ne
396 531 456 592 quid
470 532 500 579 de
511 532 619 586 ahsente.
638 532 764 593 incognita
775 548 857 591 causa,
887 526 889 532 ’

85 603 216 651 statuatis:
239 602 333 661 tingere
353 616 394 650 me
412 601 486 650 verba
507 603 563 663 111),
587 609 611 651 et
627 604 711 664 lugam
730 604 857 662 simulare,

87 671 146 734 quoi
158 671 259 721 licuerit
269 672 295 719 in
306 685 383 733 regno
392 684 500 720 nranere.
516 670 583 726 Quod
596 672 692 721 utinam
702 673 786 731 illum,
799 688 858 736 quo-

82 743 125 804 jus
136 741 213 804 impio
222 741 329 791 facinore
340 741 368 789 ia
381 741 427 790 has
438 742 551 790 miserias
558 741 685 805 projectus
697 757 762 801 sum,
771 745 858 795 eadem

85 814 141 863 ltaec
161 812 318 862 simulantem
340 811 438 860 rideam
465 817 491 862 et
510 812 643 874 aliquando
664 819 709 863 aut
730 813 796 876 apud
813 828 858 866 aas

85 890 129 933 aut
143 884 207 947 apud
218 884 277 932 deos
289 881 439 931 immortalis
449 895 536 931 rerum
547 881 713 932 humanarum
724 897 784 934 eura
793 885 858 935 oria·
928 942 931 949 ¹

85 960 141 1012 tur;
154 967 193 1004 nte
204 952 254 1009 ille,
269 952 313 1014 qui
324 965 392 1000 nunc
403 950 540 1000 sceleribus
550 951 607 1025 suis
621 951 692 1000 ferox
704 959 779 1016 atque
792 968 858 1022 prae-

83 1024 168 1073 clarus
189 1029 234 1082 est,
261 1020 377 1071 omnibus
400 1020 472 1069 malis
498 1020 662 1080 excruciatus,
677 1022 813 1084 impietatis
830 1024 857 1073 in

85 1100 212 1158 parentem
222 1098 345 1148 nostrum,
362 1090 449 1140 fratris
465 1092 513 1139 mei
524 1091 593 1140 necis
605 1104 768 1155 mearumque
783 1093 857 1144 mise-

84 1165 181 1213 riarum
194 1163 278 1224 gratis
293 1175 378 1223 poenas
387 1161 487 1210 reddatt

115 1236 229 1296 lamjam.
242 1235 320 1283 frater
332 1234 414 1283 animo
424 1247 479 1282 meo
490 1234 636 1289 carlssume,
649 1247 800 1298 quamquam
809 1237 856 1286 tibi

84 1306 221 1354 immaturo
232 1309 258 1353 et
268 1304 334 1353 unde
347 1303 394 1368 (ta)
403 1304 513 1352 minume
521 1303 604 1353 decuit
611 1305 661 1352 vita
669 1312 754 1366 erepta
764 1312 810 1364 est,
817 1312 853 1357 ta·

85 1389 143 1425 mea
153 1374 286 1425 laetandum
292 1375 372 1436 magis
379 1388 453 1436 quam
464 1373 597 1423 dolendum
605 1379 665 1435 puto
675 1387 759 1424 casum
768 1382 854 1436 tuum;

86 1459 135 1494 non
154 1444 222 1494 enim
231 1457 347 1507 regnum,
369 1444 412 1493 sed
430 1443 523 1505 fugam,
546 1443 657 1500 exilium,
680 1451 815 1504 egestatem
830 1452 856 1495 et

85 1519 165 1567 omnls
176 1517 231 1574 has,
244 1530 300 1579 quae
314 1530 354 1566 me
367 1522 493 1579 premunt,
510 1528 636 1564 oerumnas
651 1529 709 1563 oum
720 1517 802 1565 anima
818 1517 856 1567 sl·

85 1589 135 1637 mul
147 1586 260 1636 amisisti.
279 1591 308 1636 lt
319 1599 365 1648 ego
380 1585 475 1641 infelix,
494 1585 521 1633 in
532 1591 598 1634 tauta
611 1586 675 1634 mala
686 1587 857 1650 precipitatus
873 1598 885 1621 δ

84 1673 113 1708 ex
125 1657 205 1721 patrio
216 1670 302 1718 regno,
325 1670 411 1706 rerum
421 1656 587 1705 humanarum
599 1656 765 1718 spectaculum
786 1671 855 1718 prae·

83 1728 138 1783 beo,
148 1727 259 1775 incertus
273 1724 333 1787 quid
344 1738 426 1786 agana,
436 1730 522 1773 tuasne
532 1723 636 1786 injurias
647 1738 791 1786 persequer,
803 1726 855 1788 ipse

84 1797 160 1847 auxill
175 1810 258 1858 egens,
269 1810 300 1844 en
315 1808 392 1852 regno
402 1796 528 1843 consulam
540 1795 597 1855 115),
611 1794 700 1855 quojus
712 1795 767 1843 ritae
777 1796 855 1844 necis-

83 1881 132 1927 nue
138 1873 244 1930 potestas
256 1881 284 1915 ex
295 1865 384 1928 opibus
395 1865 482 1913 alienis
493 1864 593 1927 pendet.
609 1863 705 1911 Utinam
713 1866 790 1914 emori
803 1866 855 1914 lar-

83 1936 151 1988 tunis
161 1937 225 1986 mels
235 1938 354 1986 honestus
372 1936 451 1984 exitus
466 1936 543 1985 esset!
568 1935 618 1983 lleu
631 1935 711 1983 virere
727 1935 775 1996 (ll)
795 1951 854 1985 eon·

83 2015 193 2070 templus
199 2007 306 2063 viderer,
315 2007 337 2055 si
344 2007 456 2055 defessus
463 2006 545 2063 matis,
555 2006 657 2066 injuriae
666 2006 852 2057 concessissem.

83 2080 153 2128 Nunc
164 2092 246 2141 neque
263 2079 347 2126 virere
360 2077 437 2132 lubet,
455 2090 538 2139 neque
557 2075 622 2123 mori
637 2074 695 2124 licet
711 2075 763 2125 sine
781 2077 856 2127 dede·

81 2162 150 2198 core.
168 2149 254 2197 Patres
267 2148 414 2209 conscripti,
435 2159 480 2209 per
492 2160 542 2204 ros,
556 2160 601 2207 per
612 2145 703 2193 liberos
715 2154 789 2208 atque
811 2161 854 2209 pa-

82 2225 167 2269 rentes
178 2226 283 2274 vostros.
298 2232 345 2281 per
358 2219 510 2280 majestatem
530 2217 615 2279 populi
634 2218 745 2274 Romani,
765 2218 854 2268 subre-

83 2434 149 2479 d'une
176 2435 273 2478 muniere
298 2435 409 2477 conforme
428 2447 455 2477 au
483 2431 543 2477 arrae
557 2445 611 2486 pour
625 2445 640 2474 a
654 2444 706 2486 qao.
721 2455 747 2464 -
761 2433 795 2475 15.
813 2431 854 2477 lte-

84 2509 139 2551 tang
168 2497 234 2551 qu'on
261 2509 350 2551 occupe.
375 2519 402 2528 —
421 2496 453 2539 10.
482 2493 675 2549 praeconantem,
696 2506 740 2549 que
751 2494 775 2548 J'e
789 2493 854 2536 m'oc·

86 2557 252 2599 Transaoraam
270 2556 454 2612 ayere,locutlon
482 2568 536 2609 rupe
557 2555 583 2597 de
606 2567 657 2596 mon
691 2568 787 2610 nyaume
807 2555 854 2608 (des

84 2617 202 2672 inertique
212 2631 268 2674 pour
277 2618 324 2660 dire
337 2621 455 2674 boaret·
484 2628 573 2670 ruoyens
600 2615 627 2657 dc
650 2613 673 2658 le
696 2615 852 2671 retorquerir)

86 2680 120 2722 ll.
127 2677 225 2734 Finpere
232 2692 267 2722 me
274 2679 345 2722 verba
353 2687 387 2722 est
395 2692 456 2735 pres-
485 2676 570 2730 anjaa
579 2689 602 2719 se
612 2684 714 2732 rapporte
725 2678 736 2719 a
750 2688 791 2733 epo
802 2688 855 2720 con·

86 2751 130 2794 que
140 2740 198 2780 aussi
211 2740 253 2782 lort
267 2740 329 2795 qu'en
345 2739 455 2793 franceis:
484 2746 535 2782 tenu
554 2739 608 2782 dans
631 2739 755 2783 consulant.
774 2759 801 2769 -
819 2739 853 2782 ta

86 2800 303 2854 lorgcrdesoontes.
321 2800 378 2844 llans
391 2801 458 2845 beau·
482 2801 530 2844 Nea
555 2801 640 2843 viuere.
671 2798 703 2843 Un
734 2801 854 2844 manuscrit

84 2873 141 2917 caup
154 2861 181 2904 de
191 2861 281 2917 phrases
292 2861 361 2904 verba
373 2868 406 2905 est
419 2874 458 2918 op-
483 2870 544 2918 parte
554 2875 600 2906 aea
611 2862 680 2916 jare.
690 2864 735 2920 aaa
745 2864 870 2907 aonam

85 2921 140 2979 pose
155 2921 168 2966 ὲ
183 2934 229 2975 rea,
246 2923 266 2965 la
280 2921 364 2966 melite.
380 2923 457 2971 -12
481 2923 661 2970 mancam
