1904 3216
311 188 350 238 ιι
366 149 433 238 nin
450 180 538 239 tono
554 182 635 240 rin.
654 142 658 151 ¹
814 173 865 237 sat

87 299 136 354 butri
153 304 227 339 aeriter
240 309 285 353 orm
297 299 421 352 rogationem·
436 298 489 352 impu
504 306 581 339 uerunt.
594 303 657 345 Quare
666 302 733 354 consui
742 301 762 339 in
769 300 859 354 comitiis.

87 355 204 428 paratissimam
210 349 309 383 centurias
313 355 332 382 in
341 345 456 391 suffragium
464 354 491 382 uu
501 348 561 388 terat,
569 344 761 384 advocataconcrona
767 348 859 384 rtaverba

115 487 144 530 Le
154 487 232 543 peupie
242 488 276 530 n'a
287 488 348 542 point
357 488 368 529 h
378 486 467 529 tactum
476 488 494 529 si
505 486 572 530 Rome
581 487 627 530 iero
637 488 657 531 ia
668 500 755 543 guerre,
765 488 820 531 mais
830 487 858 531 ou

88 548 109 592 la
118 560 199 604 guerro
207 560 231 591 se
240 548 295 592 iera.
305 569 332 581 -
341 547 447 590 Hannibal
457 561 469 590 a
479 548 565 592 moutra
575 561 600 592 ce
610 549 701 606 qu'etait
717 549 739 593 la
755 550 810 593 lutte
819 560 859 593 sur

87 609 110 654 le
118 608 151 653 aol
160 609 188 654 da
197 608 282 653 l'italie.
292 609 324 654 ihr
336 616 453 653 secourant
462 609 562 665 sagonte,
574 622 603 655 on
618 609 672 655 l'eut
682 611 734 655 iaite
743 611 797 655 dans
806 610 859 655 l'Es·

87 683 166 728 pagna.
176 695 202 705 -
213 671 312 727 Philippa
329 684 358 714 ne
374 679 427 727 peut
440 671 486 715 &tra
496 672 620 728 camparto
631 671 751 727 hannibah
761 672 828 729 qu'ou
835 672 858 716 ie

88 746 190 789 compare
199 734 211 777 i
221 734 331 789 Pyrrhus:
342 746 385 788 que
401 733 429 777 de
445 745 510 776 maur
519 746 544 778 co
554 735 629 791 prinae
638 735 719 778 n'r·t·ii
735 746 773 790 pas
782 734 859 779 causes

88 794 191 839 attonat
200 819 225 828 —
236 795 253 837 ii
262 801 314 838 vout
323 796 397 838 mieux
407 801 482 849 porter
491 795 511 838 la
521 808 601 851 guerre
610 808 637 840 en
646 795 769 841 lacedoma
778 808 822 853 que
830 795 858 841 de

89 856 203 900 i'attondre
212 870 240 900 en
254 855 323 908 italie,
334 856 363 899 oh
373 856 440 900 Rome
455 865 488 900 est
498 858 598 914 tonjours
607 858 710 902 memorie
719 858 747 902 da
756 857 777 901 la
786 857 867 902 diseo-²

89 918 135 961 tion
144 917 183 961 des
192 918 261 961 aiiits.
273 939 299 949 -
308 917 353 968 hue
370 917 391 961 ie
402 918 481 973 paupie
491 925 540 962 vote
556 931 582 962 ce
599 930 643 975 que
652 919 673 962 ie
681 919 744 963 senat
753 932 766 963 a
775 918 856 963 resolu.

119 1049 238 1111 lgnorare
248 1048 368 1099 videmini
381 1050 454 1107 mihi,
470 1049 588 1112 Quirites,
600 1063 650 1100 non
664 1057 749 1101 utrum
763 1052 859 1103 bellum

88 1132 120 1168 an
130 1132 216 1181 pacem
224 1119 346 1176 habeatis,
360 1133 403 1170 vos
415 1120 512 1170 consuli
528 1121 619 1183 (neque
632 1120 700 1170 enim
711 1121 819 1172 liberum
834 1121 861 1171 it

89 1190 157 1239 robis
168 1190 293 1252 permittit
304 1191 440 1253 Philippus,
452 1190 496 1253 qui
511 1196 580 1239 terra
589 1191 703 1254 marique
712 1191 800 1254 ingens
808 1192 860 1242 bei-

89 1260 141 1313 ium
153 1260 275 1325 molitur),
293 1262 335 1309 sed
344 1268 427 1309 utrum
440 1260 466 1309 in
477 1261 639 1311 Macedoniam
653 1261 763 1320 legiones
776 1268 876 1312 trans·

89 1332 202 1392 portetis,
216 1345 249 1381 an
265 1333 359 1381 hostem
374 1332 400 1380 in
415 1331 511 1380 ltaliam
522 1332 657 1395 accipiatis.
674 1334 724 1382 hoc
737 1339 859 1395 quantum

90 1400 198 1459 intersit,
212 1401 235 1450 si
252 1415 381 1463 nunquam
396 1407 453 1450 ante
467 1402 536 1458 alias,
554 1402 648 1452 Punico
663 1402 776 1466 proximo
793 1408 873 1452 certe·

89 1469 152 1518 bello
160 1471 255 1533 experti
269 1470 339 1520 estis.
352 1469 411 1529 Quis
425 1471 493 1521 enim
501 1472 600 1523 dubitat
607 1473 677 1534 quin,
685 1472 707 1522 si
716 1472 870 1535 Saguntinis·

89 1539 195 1590 obsessis
207 1542 330 1603 iidemque
344 1548 455 1591 nostram
468 1541 659 1605 implorantibus
670 1541 777 1605 impigre
787 1542 862 1592 tulis·

88 1624 171 1661 semus
187 1625 267 1675 opem,
282 1611 347 1662 sicut
369 1618 453 1676 patres
471 1612 551 1663 nostri
569 1612 721 1662 Mamertinis
740 1612 857 1675 tulerant,

89 1687 168 1732 totum
180 1681 206 1731 in
232 1682 374 1746 Hispaniam
396 1683 509 1733 aversuri
525 1682 620 1733 bellum
634 1683 767 1740 fuerimus,
792 1682 859 1745 quod

80 1753 225 1802 ¹cimctando
240 1766 297 1802 cum
311 1766 407 1802 mmma
423 1753 490 1802 clade
502 1758 588 1803 nostra
606 1752 632 1802 in
649 1753 747 1802 italiam
761 1752 859 1815 accepi·

88 1823 159 1872 musi
180 1825 213 1875 h'e
228 1825 290 1874 iilud
304 1824 406 1887 quidem
424 1824 530 1874 dubium
546 1831 591 1881 est,
608 1824 669 1887 quin
687 1824 755 1873 hunc
775 1825 859 1887 ipsum

88 1894 240 1958 Philippum,
254 1903 352 1959 pactum
356 1896 408 1958 jam
421 1910 466 1959 per
479 1896 573 1959 legatos
581 1896 715 1959 literasque
726 1908 784 1945 cum
794 1894 858 1944 Han·

88 1965 171 2015 nibale
183 1966 208 2014 in
216 1967 312 2016 ltaliam
326 1968 451 2029 trajicere,
463 1966 537 2017 misso
547 1981 604 2016 cum
618 1967 694 2016 classe
701 1965 805 2023 hesino,
815 1966 858 2028 qui

87 2037 156 2086 ultro
166 2036 191 2084 ei
200 2037 294 2086 bellum
301 2038 416 2097 inferret,
427 2038 453 2087 in
461 2038 598 2087 Macedonia
608 2037 815 2087 continuerimus.
828 2036 858 2086 Et

87 2107 155 2169 quod
168 2113 229 2156 tunc
240 2108 355 2166 fecimus,
367 2122 445 2171 quum
459 2108 555 2158 hostem
573 2108 733 2157 ttannihatem
747 2107 774 2156 in
788 2107 858 2157 ltalia

87 2175 244 2233 haberemus,
265 2177 290 2225 id
310 2191 385 2234 nunc,
406 2177 478 2239 pulso
497 2177 568 2226 ltalia
588 2176 732 2230 hannibale.
755 2175 859 2224 deuictis

87 2246 346 2308 Carthaginiensibus,
363 2254 513 2298 cunctamur
529 2246 627 2297 iacere?
642 2246 857 2309 Patiamurexpu·

87 2317 193 2380 gnandis
207 2319 318 2377 Athenis,
329 2319 394 2367 sicut
408 2318 516 2380 Sagunto
529 2317 691 2380 expugnando
699 2316 859 2366 Hannibalem

88 2388 155 2448 passi
173 2401 269 2445 sumus,
286 2388 419 2449 segnitiem
437 2394 547 2437 nostram
555 2387 665 2450 experiri
682 2400 767 2449 regem
784 2403 790 2434 :
807 2400 858 2437 non

88 2460 176 2521 quinto
192 2460 250 2508 inde
264 2473 357 2517 mense,
370 2459 580 2521 quemadmodum
591 2458 622 2507 ab
640 2459 748 2521 Sagunto
762 2457 860 2509 Hanni·

87 2530 143 2588 bai,
158 2531 201 2580 sed
212 2530 299 2593 quinto
316 2530 373 2579 inde
383 2530 432 2591 die,
443 2545 517 2593 quam
528 2531 559 2579 ab
570 2530 689 2581 Corintho
698 2530 801 2580 solverit
814 2544 860 2580 na·

87 2611 139 2657 ves,
154 2600 180 2649 in
194 2601 290 2650 Italiam
298 2600 434 2664 perveniet.
448 2601 482 2650 tte
490 2601 649 2663 aequaveritis
663 2600 858 2651 HannibaliPhi-

88 2670 184 2734 lippum
204 2672 246 2736 (i),
265 2684 297 2721 ne
313 2671 556 2733 Carthaginiensibus
577 2672 716 2722 Macedonas
736 2687 742 2718 =
763 2671 858 2735 Pyrrho

114 2803 205 2850 cxtttt.
233 2808 255 2848 t.
280 2805 312 2849 Ne
329 2804 459 2860 oequaoera'-
487 2803 598 2861 signifieat
612 2802 744 2849 σάκκου
758 2815 806 2860 que
810 2833 864 2846 ......

88 2863 155 2910 tis...
170 2866 274 2923 L'empioi
290 2867 317 2910 de
333 2880 362 2908 na
377 2864 459 2922 ripond
486 2875 786 2924 aoppoaonaque......,par
799 2871 879 2903 suem·

89 2925 228 2982 itiii'usage
237 2929 263 2972 de
276 2928 297 2972 ta
311 2929 419 2986 particule
434 2933 462 2975 att
490 2930 529 2988 pie
545 2929 604 2976 hana
617 2942 644 2974 co
657 2939 715 2972 aera
730 2940 739 2966 ·.
757 2922 792 2966 ut
812 2917 896 2962 uestro
