1904 3216
95 169 141 219 mr
363 170 366 175 ·
398 139 563 219 ¹omnorns

94 283 183 334 civitas
196 283 240 332 diu
251 283 381 345 quiescere
390 288 469 344 potest
484 298 490 328 :
502 281 524 331 si
536 281 598 330 foris
610 281 707 330 hostem
720 295 770 330 non
783 281 868 337 habet,

93 354 161 405 domi
173 353 269 402 invenit
283 369 288 400 :
302 360 331 402 ut
344 352 476 415 praevalida
494 365 598 413 corpora
612 351 643 399 ab
664 352 772 400 externis
787 350 869 399 causis

94 430 148 474 tuta
159 423 284 480 videntur,
301 423 344 471 sed
354 422 405 470 suis
415 421 469 484 ipsa
479 421 577 470 viribus
594 427 728 469 onerantur
745 421 790 482 (5).
805 420 867 468 ian·

94 500 148 544 tum
163 494 285 543 nimirum
296 508 325 543 ex
341 493 447 554 publicis
463 491 536 540 malis
548 491 679 546 sentimus,
699 497 820 552 quantum
837 491 868 538 ad

92 565 200 628 privatas
208 579 250 613 res
260 564 369 626 pertinet
381 578 387 609 :
400 576 447 612 nee
460 561 488 610 in
501 562 538 611 eis
548 561 685 624 quidquam
700 562 783 611 acrius
792 574 867 623 qnam

93 635 206 698 pecuniae
221 634 339 682 damnum
353 631 475 681 stimulat.
491 633 585 694 Itaque,
607 645 686 694 quum
701 631 777 694 spolia
795 632 867 679 victae

93 703 237 766 Carthagini
246 702 450 761 detrahebantur,
458 716 537 765 quum
547 702 668 750 inermem
679 703 728 760 jam
736 716 764 749 ac
774 702 867 750 nudam

25 798 28 803 ·
92 771 196 821 destitui
210 771 277 820 inter
290 776 328 820 iot
346 775 454 820 armatas
468 777 554 834 gentes
565 770 655 819 iiricae
672 770 808 818 cerneretis
823 770 866 834 ii),

93 855 166 891 nemo
174 841 314 904 ingemuit:
326 854 405 898 nunc,
418 840 478 904 qnia
492 840 616 890 tributum
632 853 662 889 ex
674 841 768 902 privato
785 840 867 889 conte-

92 912 199 961 rendum
220 918 266 969 est,
287 917 408 976 tanquam
429 911 457 960 in
476 911 576 974 publico
593 910 681 959 funere
700 910 864 971 compleretis.

93 978 172 1036 Quam
189 995 274 1032 vereor
286 995 318 1031 ne
330 981 475 1045 propediem
491 979 603 1030 sentiatis
614 980 740 1030 levissimo
760 981 786 1028 in
800 981 866 1029 maio

92 1063 135 1100 vos
145 1052 220 1101 hodie
229 1052 385 1102 lacrimasse!

302 1266 359 1315 nx
380 1266 519 1333 nunno
538 1266 649 1316 xxxi

427 1452 523 1502 entur
550 1431 555 1517 ζ

92 1590 149 1653 Cap.
160 1589 184 1638 i.
194 1590 281 1641 Oratio
291 1592 320 1640 P.
330 1590 437 1656 Sulpicii
446 1591 556 1642 consulis
562 1607 611 1657 pro
623 1591 687 1646 belle
697 1590 865 1641 Macedonico.

326 1661 380 1724 (55⁶2
395 1663 434 1718 it,
450 1659 496 1711 200
511 1677 549 1712 av.
567 1662 636 1724 J.·G)

114 1781 230 1835 [Sulpicio
254 1793 299 1819 unm
314 1781 425 1834 Macedonia
434 1783 538 1865 provincia
551 1786 605 1822 sorte
619 1783 722 1823 evenisset.
742 1783 864 1829 rogationem

92 1827 234 1877 promulgavit
259 1828 316 1866 citent
331 1826 416 1879 peterent
449 1829 519 1882 ttiippo
537 1831 585 1876 περὶ,
605 1828 769 1874 Macedoniensem
787 1830 819 1872 qm
830 1828 864 1865 sni

92 1871 867 1964 tttttttrttttitttttttttttttittttttfttttttttttttitt

91 2025 131 2056 voa
149 2011 270 2064 admissu
293 2014 401 2057 amicitia
429 2027 465 2057 ae·
491 2013 867 2070 n'ontiaitquesnivrelesprinci·

90 2080 143 2119 atra
152 2088 207 2131 pour
218 2077 335 2132 (aliorum)
342 2079 366 2120 in
375 2085 464 2130 veneto.
492 2088 530 2130 pes
540 2077 662 2119 universels
671 2077 697 2118 de
709 2075 728 2117 ln
742 2076 850 2130 polirique
860 2089 865 2118 :

90 2137 197 2181 Hannibal
207 2151 284 2192 expose
299 2152 341 2182 aux
354 2139 465 2194 Carthagi·
492 2143 514 2180 et
523 2137 538 2178 il
548 2137 568 2179 lo
578 2136 618 2179 fait
630 2138 678 2179 voir
693 2137 746 2180 dans
756 2137 777 2178 la
787 2136 866 2191 phrase

90 2201 140 2242 nois
149 2212 192 2255 que
202 2214 226 2243 ce
236 2201 292 2243 n'est
300 2213 389 2256 paaune
398 2202 463 2244 haine
491 2199 598 2241 suivante.
609 2223 635 2230 -
644 2199 664 2242 3,
676 2198 728 2242 Suis
739 2198 790 2254 ipsa
807 2198 867 2240 viri·

88 2260 229 2320 particuliere
246 2267 321 2304 contre
337 2275 379 2304 eux
394 2263 463 2317 quia
491 2262 532 2305 dus
559 2267 697 2306 onerantur.
723 2262 750 2305 ii.
783 2263 866 2306 Nandet

92 2319 305 2375 porteiesiiomains
316 2322 386 2366 ilenr
394 2324 464 2367 dicier
491 2336 591 2378 compare
609 2331 644 2368 cet
662 2325 747 2368 endroit
770 2337 822 2367 avec
843 2320 865 2367 le

91 2388 148 2425 cette
165 2384 215 2439 pair
232 2384 362 2428 humiliante
373 2397 378 2427 :
398 2385 463 2440 qu'ils
490 2386 613 2440 passagede
624 2387 710 2439 Lucain,
722 2386 738 2438 i,
748 2399 768 2428 v.
779 2386 825 2434 68,

466 2487 516 2532 euin
525 2490 545 2527 in
555 2499 608 2528 arma
618 2491 714 2528 furentem

220 2533 322 2580 Impulerit
331 2533 432 2586 populum,
442 2535 476 2582 qni
485 2544 552 2584 paceni
563 2537 673 2572 excusserit
682 2534 740 2575 orbi?

219 2579 284 2615 invida
295 2580 379 2616 fatorum
388 2587 450 2621 serres
460 2589 539 2616 summis
554 2589 577 2615 ue
587 2584 676 2624 negatum

218 2623 274 2659 stare
284 2623 325 2668 diu,
336 2623 435 2670 nimioque
445 2631 515 2670 graves
524 2633 546 2660 eu
568 2629 654 2670 pondere
665 2625 738 2672 lapsus,

218 2667 257 2703 nec
267 2677 287 2705 se
296 2668 356 2704 Roma
364 2667 451 2704 ferens...

107 2760 149 2803 -4,
171 2760 243 2813 Quum
248 2792 291 2804 .....
309 2762 464 2806 detraheban-
490 2763 525 2815 de,
549 2773 571 2807 et
593 2765 722 2808 rechercher
749 2763 770 2808 la
798 2779 863 2811 causa

91 2824 223 2877 tunquam
226 2855 267 2873 .....
278 2824 464 2867 cerneretisrro-
490 2823 574 2878 d'apres
600 2825 633 2867 les
660 2826 768 2880 principes
792 2825 820 2868 de
843 2827 864 2869 la

82 2885 464 2940 marqnezcecirangemcntdemo·
490 2888 621 2942 grammaire
630 2888 705 2931 latino.
