1904 3216
129 187 174 235 148
232 216 237 224 ·
432 184 592 235 calumnas

128 309 226 354 manus,
237 296 343 359 digressi
354 297 384 345 ab
395 296 524 358 colloquio,
540 297 662 358 extemplo
676 296 702 344 in
714 311 773 346 eum
784 310 900 348 armare-

128 367 239 415 mus‘llb
247 367 361 428 hospitali
373 367 555 429 mensasurgis,
565 368 678 429 adquam
692 368 780 417 tertius
792 369 896 429 Campa-

128 450 218 485 norum
232 438 357 486 adlribilus
366 452 391 486 es
401 438 430 485 ab
440 439 583 496 Hannibale,
593 445 622 486 ut
631 452 684 486 eam
695 438 776 498 ipsam
784 452 898 487 mensam

128 513 272 557 cruentares
292 508 397 569 hospitis
419 507 559 570 sangnine?
575 508 732 556 Hannibalem
752 516 823 568 paler
843 509 899 557 tilio

128 590 183 626 meo
196 579 265 640 potui
276 578 381 640 placare,
393 577 475 626 lilium
485 578 613 626 Hannibali
625 591 673 627 non
683 577 801 640 possum?
809 578 855 626 Sed
865 579 899 626 sit

127 646 419 704 nihilsancti,n0nfides,
427 662 475 696 nen
487 647 642 708 religi0,non
654 646 746 709 pietas;
758 647 901 696 audeantur

128 718 234 775 inl'anda,
243 720 264 768 si
272 733 321 768 non
330 721 466 782 perniciem
472 720 545 770 nobis
555 733 611 768 rum
623 720 716 769 scelere
725 721 819 768 lerunt.
828 721 896 770 Unus

129 801 294 850 aggressurus
305 804 331 840 es
345 790 521 840 Hannibalem?
536 788 600 848 Quid
617 791 660 839 illa
669 792 742 840 turba
755 798 792 839 tot
805 793 897 842 libero-

128 872 188 908 rum
198 863 392 922 servorumque?
399 861 459 923 quid
470 861 496 910 in
506 876 586 911 unum
593 861 681 911 intenti
692 863 805 912 omnium
814 864 902 913 oculi?

128 929 189 991 quid
202 935 238 978 tot
255 930 365 987 dextrae?
376 936 548 994 torpescentne
557 932 584 980 in
596 932 705 981 amentia
722 933 782 981 illa?
798 935 897 982 lullum

128 999 207 1061 ipsius
221 999 371 1057 Hannibalis,
384 1015 458 1063 quem
472 1004 560 1051 armati
574 1004 694 1058 exercitus
710 1003 835 1053 sustinere
850 1018 896 1052 ne-

128 1076 230 1132 queunt,
236 1085 311 1132 quern
318 1072 402 1122 horret
413 1073 518 1135 populns
531 1074 663 1131 Romanus,
671 1074 856 1124 tusustinebis‘?
867 1075 897 1123 llt

128 1141 177 1189 alia
188 1141 373 1198 auriliadesint,
384 1157 425 1191 me
436 1143 517 1205 ipsum
528 1142 613 1200 ferire,
624 1157 714 1205 corpus
728 1158 810 1193 meum
820 1158 897 1207 eppe

128 1219 228 1262 nentem
242 1226 288 1274 pro
306 1226 410 1274 corpore
429 1212 581 1270 Hannibalis,
595 1213 748 1263 sustinebis?
760 1215 833 1276 Atqui
850 1230 901 1278 per

128 1284 213 1332 merim
223 1287 308 1344 pectus
315 1284 438 1343 petendus
446 1284 490 1332 ille
501 1283 547 1331 tibi
555 1283 787 1346 transfigendusque
796 1293 842 1335 est.
850 1287 899 1336 Setl

128 1353 170 1402 hic
189 1358 213 1401 te
229 1352 349 1401 deterreri
368 1353 422 1402 sine
435 1353 517 1414 potius
538 1365 613 1420 quam
630 1352 683 1401 illic
706 1353 780 1402 vinci.
800 1353 898 1404 Valeant

128 1438 213 1488 preces
223 1426 287 1487 apud
299 1431 324 1474 te
336 1439 407 1487 meae,
417 1424 481 1475 sicut
494 1439 540 1487 pro
549 1432 574 1474 te
587 1425 660 1474 hodie
669 1428 809 1475 valuerunt.

489 1589 537 1639 Clll

128 1715 185 1778 Gap.
201 1717 226 1764 9.
244 1712 331 1766 Oratio
352 1730 401 1778 qua
426 1715 534 1764 Pacuvio
547 1713 621 1778 patri
636 1711 737 1762 Perolla
754 1691 895 1776 respondet.

150 1839 289 1876 Lacrimantem
298 1838 434 1891 inlecerneus
439 1837 533 1891 iuvenem
542 1841 598 1886 pater
607 1835 692 1889 medium
701 1834 848 1885 complectitur.
860 1845 896 1886 uec

127 1885 274 1968 ffiprecibua
283 1883 358 1922 abstitit
367 1894 425 1932 quam
435 1887 519 1930 pervicit
535 1887 557 1922 ut
566 1880 652 1929 gladium
662 1884 749 1929 poneret.
763 1880 810 1916 'lum
817 1889 900 1926 iuvenis

159 2023 207 2084 llgo
224 2020 334 2082 quidem,
349 2034 424 2083 qnam
436 2019 525 2082 parriae
540 2020 617 2069 debeo
632 2015 757 2081 pietatem,
769 2016 896 2064 exsolvam

128 2094 200 2156 patri.
210 2091 286 2140 Tuam
295 2091 459 2147 doleo'vicem,
468 2090 508 2139 cui
518 2096 558 2141 ter
563 2087 666 2151 proditae
675 2084 762 2149 patriae
768 2085 897 2133 sustinen-

127 2163 187 2211 dum
197 2170 234 2211 est
244 2161 351 2221 crimen;
364 2163 448 2219 semel,
461 2175 538 2224 qunm
552 2158 711 2208 delectionem
724 2156 794 2203 inisti
806 2156 837 2203 ab
851 2155 899 2204 llo-

127 2231 219 2290 manis;
230 2231 321 2281 iterum
333 2245 411 2293 quum
423 2231 489 2293 pacis
497 2243 553 2278 cum
565 2225 700 2275 llannibale
710 2223 782 2273 luisti
794 2230 895 2281 auct0r;

128 2303 203 2351 terrio
221 2302 302 2358 bodie,
316 2315 392 2363 quum
412 2301 572 2350 restituendae
590 2295 706 2346 Romanis
722 2294 810 2356 Capuae
828 2308 898 2344 mora

128 2379 202 2433 atque
210 2371 414 2434 impedimentum
425 2385 457 2420 es.
471 2370 515 2426 lu,
531 2368 619 2431 patria,
634 2367 739 2422 ferrum,
756 2377 806 2426 quo
818 2370 895 2426 prote

127 2450 238 2490 armatus
251 2443 313 2489 banc
327 2455 410 2490 arcem
421 2440 529 2489 hostium
538 2438 570 2501 (1)
578 2435 740 2497 inii‚quando
750 2446 839 2496 parens
853 2448 896 2483 ex-

127 2513 237 2573 torquet,
266 2512 357 2573 recipe.

127 2630 241 2672 sisledans
254 2629 498 2685 l'interruptiondurb
549 2627 598 2671 cvl.
617 2629 637 2670 1.
657 2624 724 2669 Hanc
745 2635 823 2666 arcem
847 2623 897 2666 boe-

105 2701 108 2725 ῑ
127 2694 203 2747 citpar
210 2704 253 2734 une
261 2692 416 2747 interrogation
424 2693 497 2736 subite
523 2691 591 2738 tium.
605 2689 626 2731 la
642 2688 727 2730 maison
743 2685 772 2728 erl
789 2684 896 2728 llannibal

127 2765 171 2811 que
180 2753 201 2795 la
210 2754 316 2808 particule
326 2758 353 2797 ut
360 2768 378 2810 -y
391 2754 495 2798 ratlache.
523 2751 650 2807 seiournait.
