1904 3216
336 204 459 254 ututur
477 198 566 252 trullo
581 201 619 250 tt.
679 200 682 205 ’
835 196 865 246 21

86 315 210 366 ditionum
218 318 295 368 duces
304 334 359 370 esse
369 320 463 370 volunt.
473 325 675 378 Quarururerum
687 317 866 367 sivostaedium
930 358 932 363 .

87 387 185 436 nudem
211 403 303 451 capere
323 397 411 452 potest,
433 398 458 440 et
473 398 573 453 patrum
588 394 733 450 vestrosque
750 389 867 451 antiquos

87 469 166 507 mores
178 459 257 508 vultis
267 472 313 521 pro
322 459 362 508 his
375 461 446 510 novis
458 473 566 518 sumere,
580 459 648 508 nulla
662 457 783 520 supplicia
793 471 866 506 recu-

86 540 120 584 so.
133 528 185 578 nisi
200 529 288 592 paucis
298 528 388 580 diebus
402 531 447 580 lios
464 530 621 593 populatores
633 542 753 591 agrorum
765 537 866 577 nosno-

88 613 140 648 mm
151 601 221 650 lusos
231 600 378 663 fugatosque
393 601 481 652 castris
499 613 599 658 exuero.
615 608 642 650 et
654 614 668 647 a
681 601 760 661 portis
773 598 866 648 nostris

88 670 259 733 maribusque
274 672 304 721 ad
321 672 422 722 illorum
437 673 512 721 urbes
524 672 591 720 hune
604 671 662 720 belli
673 676 804 726 terrorem.
817 681 866 730 quo

89 752 153 790 nunc
164 755 209 790 ros
222 743 325 792 attoniti
337 743 405 799 ostis,
418 742 582 792 transtulero.

336 965 391 1012 EX
413 965 554 1012 1,ῐῦΒο
575 963 621 1011 Π

431 1104 502 1154 xxtx

91 1231 148 1295 Cap.
169 1233 194 1282 2.
213 1230 291 1284 Verba
300 1230 433 1281 &rusulum
444 1246 472 1279 m
486 1229 701 1278 serruluuduersus
711 1228 737 1278 G.
751 1225 868 1278 Canuleio·

289 1302 363 1367 leqea.
375 1301 430 1365 (310
439 1302 477 1358 lt,
487 1300 534 1349 tlt
548 1314 588 1348 av.
605 1299 679 1360 tt.)

110 1418 130 1452 t„
138 1413 246 1452 Canuleius
255 1413 347 1464 tribunus
356 1413 419 1462 plebis
430 1415 484 1460 legra
493 1414 576 1459 terebat,
589 1420 607 1453 t·
618 1415 643 1452 de
653 1415 750 1454 connuhio
759 1419 838 1454 rutrum
848 1422 867 1454 et

91 1462 160 1505 uleus.
177 1464 232 1505 quon
242 1460 348 1496 decenum
365 1462 496 1502 sustulerauu
512 1463 532 1494 t·
541 1468 562 1496 ut
572 1461 643 1508 populo
666 1464 742 1498 orestas
756 1465 815 1504 esset,
832 1471 867 1497 seu

91 1506 234 1551 &plebem
251 1513 276 1538 ue
292 1502 381 1540 ramnus
395 1504 462 1544 vellet.
478 1504 566 1541 consules
583 1470 675 1541 taurensi,
694 1504 781 1542 'tribuno
801 1510 868 1542 ratres

90 1558 164 1584 uiuum·
173 1557 193 1584 rr
201 1548 328 1584 resistebant.
340 1547 422 1584 interim
430 1545 520 1584 vaieutea
528 1559 580 1586 arma
588 1558 703 1596 sumpsere·
712 1554 793 1586 sanatus
801 1551 869 1586 (teleu-

90 1594 129 1629 larn
138 1591 283 1637 nabanjutret.
295 1591 387 1629 tribunus
396 1595 455 1630 aetat.
466 1593 488 1628 lu
497 1602 542 1629 aum
552 1593 644 1630 eonsules
652 1575 742 1632 sennium
751 1592 845 1630 tacitam:

116 1710 143 1750 La
153 1705 259 1750 laiblessa
269 1706 299 1750 du
310 1706 372 1749 senat
386 1718 508 1761 encourage
523 1707 554 1749 las
566 1707 681 1750 seditieux.
694 1730 717 1739 -
728 1706 757 1749 Le
771 1707 868 1761 mariage

91 1779 152 1814 entre
162 1772 197 1814 les
207 1770 265 1813 deux
275 1770 351 1812 ordres
359 1770 475 1824 u'estpour
482 1782 524 1812 eux
533 1770 600 1824 qu'uu
610 1782 688 1826 moyen
695 1769 723 1813 tle
733 1776 781 1813 tout
790 1776 868 1812 mettre

91 1847 117 1876 eu
126 1833 254 1876 ooulusion.
269 1857 296 1864 -
306 1831 334 1875 la
350 1833 484 1875 nomination
501 1832 552 1875 d'uu
568 1833 645 1875 oonsul
660 1832 760 1888 plebetau
778 1839 811 1874 est
825 1843 868 1874 una

91 1895 196 1937 violatiou
210 1893 250 1935 des
259 1893 301 1936 lois
309 1894 434 1943 anciennes,
447 1892 535 1935 tondeas
544 1904 584 1934 sur
592 1893 613 1935 la
622 1893 724 1947 religion.
735 1915 762 1924 -
772 1890 800 1934 la
809 1891 869 1945 puis·

91 1969 156 1999 annea
165 1956 206 1998 des
216 1954 304 1997 trihuns
317 1954 405 1997 devient
415 1953 554 2006 imolensium
564 1954 592 1996 ils
602 1955 711 2009 imposent
722 1954 772 1996 laur
782 1950 869 1995 voloutl

91 2032 118 2061 nu
131 2018 197 2061 senat
214 2029 254 2071 par
268 2016 289 2059 la
305 2028 394 2059 menaea
411 2016 439 2058 de
449 2016 518 2057 trahlr
528 2015 548 2057 la
565 2017 635 2070 patrie
650 2028 679 2058 eu
691 2017 814 2071 s'opposanl
827 2025 869 2057 aux

91 2080 165 2124 lerees
174 2081 203 2122 de
214 2078 303 2122 soldats.
313 2078 342 2120 Ge
352 2084 401 2120 sont
409 2089 451 2120 eun
460 2077 514 2132 qu'il
524 2077 571 2119 laut
580 2078 700 2120 combuttre
710 2077 806 2120 d'abord.

120 2213 252 2278 Negabant
261 2211 374 2260 consuler
380 2211 433 2273 jum
447 2212 514 2260 ultra
528 2212 589 2261 l'erri
600 2226 671 2274 posse
680 2216 775 2261 l'urores
786 2212 869 2261 trihu-

91 2283 182 2340 nitios;
198 2291 300 2330 rentum
311 2283 363 2344 J'am
375 2282 406 2330 ad
420 2284 494 2329 linem
505 2295 573 2330 esse:
592 2282 657 2330 domi
667 2283 722 2344 plus
735 2281 793 2331 belli
808 2296 871 2331 eou-

91 2356 163 2404 oitari
171 2367 248 2415 quain
256 2352 326 2401 loris.
337 2353 364 2400 ld
374 2353 434 2400 adeo
442 2366 490 2400 uon
497 2354 576 2414 plebis
587 2367 662 2415 quarn
670 2353 780 2411 latrum,
788 2367 870 2416 neque

91 2426 256 2475 tribunorum
270 2426 348 2484 magis
358 2437 431 2486 quam
448 2425 657 2486 consuluruculpa
664 2425 780 2472 accidere.
797 2425 870 2487 Cujus

92 2498 128 2546 rei
136 2495 311 2557 premiumsit
318 2493 344 2542 in
352 2494 456 2545 civitate.
466 2509 521 2543 earn
533 2495 645 2543 maximis
653 2495 869 2556 semperauctihus

93 2580 222 2616 creseere:
235 2565 272 2613 sic
283 2577 341 2624 paee
350 2565 477 2622 bonos‚sic
487 2566 551 2614 bello
565 2565 629 2613 lieri.
638 2566 769 2613 llaximum
787 2566 870 2615 llomae

94 2636 228 2699 praemium
240 2633 388 2684 seditionum
404 2649 471 2692 esse;
485 2636 510 2685 id
526 2644 551 2682 et
570 2635 676 2697 singulis
696 2637 869 2697 universisque

94 2719 193 2768 semper
198 2704 289 2753 honori
296 2703 381 2753 luisse.
390 2703 625 2769 [Reminiseerentur
632 2707 664 2768 (l)
675 2718 749 2767 quam
757 2707 870 2767 ruajesta·

120 2841 188 2886 xxix.
201 2844 222 2885 l.
233 2841 470 2897 [Reminiaoerentur..
498 2854 549 2897 suge
559 2849 620 2885 eutr-o
631 2843 737 2892 crochets,
744 2853 808 2895 parca
817 2839 870 2895 qu'il

95 2904 229 2957 melilotos
241 2915 310 2946 arona
324 2906 367 2946 ntis
382 2915 407 2946 ca
422 2915 472 2959 pos-
498 2910 570 2961 rompt
580 2903 600 2948 la
616 2905 673 2949 suite
684 2903 837 2949 arautsoours,
