<?xml version="1.0" encoding="UTF-8"?>
<!DOCTYPE html PUBLIC "-//W3C//DTD XHTML 1.0 Transitional//EN"
    "http://www.w3.org/TR/xhtml1/DTD/xhtml1-transitional.dtd">
<html xmlns="http://www.w3.org/1999/xhtml" xml:lang="en" lang="en">
 <head>
  <title>
</title>
<meta http-equiv="Content-Type" content="text/html;charset=utf-8" />
  <meta name='ocr-system' content='tesseract 3.04.00' />
  <meta name='ocr-capabilities' content='ocr_page ocr_carea ocr_par ocr_line ocrx_word'/>
</head>
<body>
  <div class='ocr_page' id='page_1' title='image "./concionessiveor00unkngoog_0286.png"; bbox 0 0 1904 3216; ppageno 0'>
   <div class='ocr_carea' id='block_1_1' title="bbox 289 169 857 222">
    <p class='ocr_par' dir='ltr' id='par_1_1' title="bbox 289 169 857 222">
     <span class='ocr_line' id='line_1_1' title="bbox 289 169 857 222; baseline -0.002 -3"><span class='ocrx_word' id='word_1_1' title='bbox 289 170 327 220; x_wconf 78' lang='lat' dir='ltr'>EX</span> <span class='ocrx_word' id='word_1_2' title='bbox 346 171 412 220; x_wconf 82' lang='lat' dir='ltr'>lllll</span> <span class='ocrx_word' id='word_1_3' title='bbox 430 170 517 221; x_wconf 76' lang='lat' dir='ltr'>ttalttt</span> <span class='ocrx_word' id='word_1_4' title='bbox 533 169 656 222; x_wconf 78' lang='lat' dir='ltr'>lxxtnt.</span> <span class='ocrx_word' id='word_1_5' title='bbox 811 169 857 219; x_wconf 76' lang='lat' dir='ltr'>att</span> 
     </span>
    </p>
   </div>
   <div class='ocr_carea' id='block_1_2' title="bbox 85 284 860 2036">
    <p class='ocr_par' dir='ltr' id='par_1_2' title="bbox 85 284 860 1195">
     <span class='ocr_line' id='line_1_2' title="bbox 85 284 859 351; baseline -0.009 -11"><span class='ocrx_word' id='word_1_6' title='bbox 85 287 331 351; x_wconf 88' lang='lat' dir='ltr'>ctamsuperantibus</span> <span class='ocrx_word' id='word_1_7' title='bbox 336 284 551 335; x_wconf 84' lang='lat' dir='ltr'>terminoslatales</span> <span class='ocrx_word' id='word_1_8' title='bbox 556 285 649 335; x_wconf 86' lang='lat' dir='ltr'>cladem</span> <span class='ocrx_word' id='word_1_9' title='bbox 655 284 763 348; x_wconf 82' lang='lat' dir='ltr'>experiri</span> <span class='ocrx_word' id='word_1_10' title='bbox 774 284 859 344; x_wconf 83' lang='lat' dir='ltr'>vellet,</span> 
     </span>
     <span class='ocr_line' id='line_1_3' title="bbox 85 354 860 418; baseline -0.006 -11"><span class='ocrx_word' id='word_1_11' title='bbox 85 363 211 408; x_wconf 87' lang='lat' dir='ltr'>retentum</span> <span class='ocrx_word' id='word_1_12' title='bbox 222 374 228 404; x_wconf 77' lang='grc' dir='ltr'><strong>ε</strong></span> <span class='ocrx_word' id='word_1_13' title='bbox 242 357 380 406; x_wconf 85' lang='lat' dir='ltr'>admovisse</span> <span class='ocrx_word' id='word_1_14' title='bbox 388 362 471 404; x_wconf 90' lang='lat' dir='ltr'>tamen</span> <span class='ocrx_word' id='word_1_15' title='bbox 477 355 655 409; x_wconf 77' lang='lat' dir='ltr'>exercitumet</span> <span class='ocrx_word' id='word_1_16' title='bbox 666 355 807 417; x_wconf 86' lang='lat' dir='ltr'>propeipsis</span> <span class='ocrx_word' id='word_1_17' title='bbox 815 354 860 418; x_wconf 71' lang='lat' dir='ltr'>Ju-</span> 
     </span>
     <span class='ocr_line' id='line_1_4' title="bbox 85 424 859 490; baseline -0.004 -13"><span class='ocrx_word' id='word_1_18' title='bbox 85 428 124 490; x_wconf 90' lang='lat' dir='ltr'>gis</span> <span class='ocrx_word' id='word_1_19' title='bbox 132 427 274 477; x_wconf 83' lang='lat' dir='ltr'>addirortia</span> <span class='ocrx_word' id='word_1_20' title='bbox 285 439 408 490; x_wconf 87' lang='lat' dir='ltr'>aquarum</span> <span class='ocrx_word' id='word_1_21' title='bbox 419 424 452 487; x_wconf 75' lang='lat' dir='ltr'>(l)</span> <span class='ocrx_word' id='word_1_22' title='bbox 459 430 538 473; x_wconf 84' lang='lat' dir='ltr'>castra</span> <span class='ocrx_word' id='word_1_23' title='bbox 545 425 664 488; x_wconf 82' lang='lat' dir='ltr'>posuisse.</span> <span class='ocrx_word' id='word_1_24' title='bbox 672 425 753 481; x_wconf 84' lang='lat' dir='ltr'>Quum</span> <span class='ocrx_word' id='word_1_25' title='bbox 763 425 859 474; x_wconf 89' lang='lat' dir='ltr'>nullam</span> 
     </span>
     <span class='ocr_line' id='line_1_5' title="bbox 86 495 860 557; baseline -0.001 -10"><span class='ocrx_word' id='word_1_26' title='bbox 86 499 228 548; x_wconf 87' lang='lat' dir='ltr'>ibicausam</span> <span class='ocrx_word' id='word_1_27' title='bbox 240 497 299 546; x_wconf 85' lang='lat' dir='ltr'>belli</span> <span class='ocrx_word' id='word_1_28' title='bbox 310 496 445 554; x_wconf 78' lang='lat' dir='ltr'>inveniret,</span> <span class='ocrx_word' id='word_1_29' title='bbox 454 495 640 557; x_wconf 83' lang='lat' dir='ltr'>quiescentibus</span> <span class='ocrx_word' id='word_1_30' title='bbox 647 496 731 556; x_wconf 87' lang='lat' dir='ltr'>regiis,</span> <span class='ocrx_word' id='word_1_31' title='bbox 736 495 860 546; x_wconf 86' lang='lat' dir='ltr'>circume-</span> 
     </span>
     <span class='ocr_line' id='line_1_6' title="bbox 86 566 860 632; baseline 0 -15"><span class='ocrx_word' id='word_1_32' title='bbox 86 569 152 632; x_wconf 81' lang='lat' dir='ltr'>gisae</span> <span class='ocrx_word' id='word_1_33' title='bbox 160 569 297 617; x_wconf 76' lang='lat' dir='ltr'>exercitum</span> <span class='ocrx_word' id='word_1_34' title='bbox 306 567 337 614; x_wconf 84' lang='lat' dir='ltr'>ad</span> <span class='ocrx_word' id='word_1_35' title='bbox 347 566 522 627; x_wconf 80' lang='lat' dir='ltr'>Gallograems:</span> <span class='ocrx_word' id='word_1_36' title='bbox 534 566 575 615; x_wconf 91' lang='lat' dir='ltr'>cui</span> <span class='ocrx_word' id='word_1_37' title='bbox 586 566 681 615; x_wconf 91' lang='lat' dir='ltr'>nationi</span> <span class='ocrx_word' id='word_1_38' title='bbox 691 580 741 615; x_wconf 91' lang='lat' dir='ltr'>non</span> <span class='ocrx_word' id='word_1_39' title='bbox 750 581 779 617; x_wconf 80' lang='lat' dir='ltr'>cr</span> <span class='ocrx_word' id='word_1_40' title='bbox 788 580 860 617; x_wconf 82' lang='lat' dir='ltr'>seua·</span> 
     </span>
     <span class='ocr_line' id='line_1_7' title="bbox 85 636 859 700; baseline -0.001 -10"><span class='ocrx_word' id='word_1_41' title='bbox 85 647 127 690; x_wconf 88' lang='lat' dir='ltr'>tus</span> <span class='ocrx_word' id='word_1_42' title='bbox 135 639 349 697; x_wconf 86' lang='lat' dir='ltr'>auctoritate‚non</span> <span class='ocrx_word' id='word_1_43' title='bbox 362 637 448 700; x_wconf 91' lang='lat' dir='ltr'>populi</span> <span class='ocrx_word' id='word_1_44' title='bbox 459 637 543 699; x_wconf 90' lang='lat' dir='ltr'>jussu,</span> <span class='ocrx_word' id='word_1_45' title='bbox 557 636 652 687; x_wconf 90' lang='lat' dir='ltr'>bellum</span> <span class='ocrx_word' id='word_1_46' title='bbox 664 637 772 687; x_wconf 88' lang='lat' dir='ltr'>illatum.</span> <span class='ocrx_word' id='word_1_47' title='bbox 788 638 859 695; x_wconf 76' lang='lat' dir='ltr'>Quod</span> 
     </span>
     <span class='ocr_line' id='line_1_8' title="bbox 86 706 857 772; baseline -0.001 -14"><span class='ocrx_word' id='word_1_48' title='bbox 86 723 161 772; x_wconf 90' lang='lat' dir='ltr'>quem</span> <span class='ocrx_word' id='word_1_49' title='bbox 173 723 284 772; x_wconf 88' lang='lat' dir='ltr'>uuquam</span> <span class='ocrx_word' id='word_1_50' title='bbox 293 709 324 758; x_wconf 90' lang='lat' dir='ltr'>de</span> <span class='ocrx_word' id='word_1_51' title='bbox 335 721 379 757; x_wconf 89' lang='lat' dir='ltr'>sua</span> <span class='ocrx_word' id='word_1_52' title='bbox 388 707 511 757; x_wconf 83' lang='lat' dir='ltr'>sententia</span> <span class='ocrx_word' id='word_1_53' title='bbox 521 706 606 757; x_wconf 83' lang='lat' dir='ltr'>facere</span> <span class='ocrx_word' id='word_1_54' title='bbox 615 708 723 769; x_wconf 87' lang='lat' dir='ltr'>ausum?</span> <span class='ocrx_word' id='word_1_55' title='bbox 733 707 857 767; x_wconf 78' lang='lat' dir='ltr'><strong>Antiochi,</strong></span> 
     </span>
     <span class='ocr_line' id='line_1_9' title="bbox 86 776 858 842; baseline -0.001 -14"><span class='ocrx_word' id='word_1_56' title='bbox 86 779 203 842; x_wconf 85' lang='lat' dir='ltr'>Philippi.</span> <span class='ocrx_word' id='word_1_57' title='bbox 210 778 354 828; x_wconf 77' lang='lat' dir='ltr'>Hannibalis</span> <span class='ocrx_word' id='word_1_58' title='bbox 362 784 388 826; x_wconf 85' lang='lat' dir='ltr'>et</span> <span class='ocrx_word' id='word_1_59' title='bbox 395 776 529 826; x_wconf 87' lang='lat' dir='ltr'>Poenorum</span> <span class='ocrx_word' id='word_1_60' title='bbox 540 777 711 827; x_wconf 85' lang='lat' dir='ltr'>recentissima</span> <span class='ocrx_word' id='word_1_61' title='bbox 717 777 783 827; x_wconf 87' lang='lat' dir='ltr'>bella</span> <span class='ocrx_word' id='word_1_62' title='bbox 791 792 858 829; x_wconf 78' lang='lat' dir='ltr'>csse:</span> 
     </span>
     <span class='ocr_line' id='line_1_10' title="bbox 86 846 857 910; baseline -0.003 -12"><span class='ocrx_word' id='word_1_63' title='bbox 86 849 118 899; x_wconf 80' lang='lat' dir='ltr'>(le</span> <span class='ocrx_word' id='word_1_64' title='bbox 133 849 249 900; x_wconf 88' lang='lat' dir='ltr'>omnibus</span> <span class='ocrx_word' id='word_1_65' title='bbox 261 848 302 898; x_wconf 90' lang='lat' dir='ltr'>his</span> <span class='ocrx_word' id='word_1_66' title='bbox 317 848 460 896; x_wconf 91' lang='lat' dir='ltr'>consultum</span> <span class='ocrx_word' id='word_1_67' title='bbox 470 859 593 904; x_wconf 85' lang='lat' dir='ltr'>senatum,</span> <span class='ocrx_word' id='word_1_68' title='bbox 607 847 727 909; x_wconf 87' lang='lat' dir='ltr'>populum</span> <span class='ocrx_word' id='word_1_69' title='bbox 737 846 857 910; x_wconf 81' lang='lat' dir='ltr'>jussisse:</span> 
     </span>
     <span class='ocr_line' id='line_1_11' title="bbox 86 917 857 982; baseline 0 -14"><span class='ocrx_word' id='word_1_70' title='bbox 86 919 250 982; x_wconf 77' lang='lat' dir='ltr'>sapelegatos</span> <span class='ocrx_word' id='word_1_71' title='bbox 256 917 416 974; x_wconf 86' lang='lat' dir='ltr'>antemissas,</span> <span class='ocrx_word' id='word_1_72' title='bbox 422 929 464 965; x_wconf 89' lang='lat' dir='ltr'>res</span> <span class='ocrx_word' id='word_1_73' title='bbox 474 917 746 980; x_wconf 83' lang='lat' dir='ltr'>repetitas;p0stremo‚</span> <span class='ocrx_word' id='word_1_74' title='bbox 755 918 798 981; x_wconf 88' lang='lat' dir='ltr'>qui</span> <span class='ocrx_word' id='word_1_75' title='bbox 807 919 857 968; x_wconf 84' lang='lat' dir='ltr'>bel·</span> 
     </span>
     <span class='ocr_line' id='line_1_12' title="bbox 86 986 857 1045; baseline -0.001 -7"><span class='ocrx_word' id='word_1_76' title='bbox 86 986 566 1044; x_wconf 76' lang='lat' dir='ltr'>lumindicerent‚missosouidaorum.</span> <span class='ocrx_word' id='word_1_77' title='bbox 574 986 857 1045; x_wconf 81' lang='lat' dir='ltr'>Gu.llanli,sactumest.</span> 
     </span>
     <span class='ocr_line' id='line_1_13' title="bbox 86 1055 857 1120; baseline 0 -13"><span class='ocrx_word' id='word_1_78' title='bbox 86 1065 117 1110; x_wconf 88' lang='lat' dir='ltr'>ut</span> <span class='ocrx_word' id='word_1_79' title='bbox 131 1058 199 1109; x_wconf 90' lang='lat' dir='ltr'>istud</span> <span class='ocrx_word' id='word_1_80' title='bbox 218 1057 345 1120; x_wconf 83' lang='lat' dir='ltr'>publicum</span> <span class='ocrx_word' id='word_1_81' title='bbox 359 1055 443 1119; x_wconf 89' lang='lat' dir='ltr'>populi</span> <span class='ocrx_word' id='word_1_82' title='bbox 456 1056 557 1105; x_wconf 87' lang='lat' dir='ltr'>llomaui</span> <span class='ocrx_word' id='word_1_83' title='bbox 570 1057 673 1111; x_wconf 83' lang='lat' dir='ltr'>bellum.</span> <span class='ocrx_word' id='word_1_84' title='bbox 687 1064 711 1105; x_wconf 93' lang='lat' dir='ltr'>et</span> <span class='ocrx_word' id='word_1_85' title='bbox 725 1071 775 1107; x_wconf 93' lang='lat' dir='ltr'>nou</span> <span class='ocrx_word' id='word_1_86' title='bbox 786 1065 857 1109; x_wconf 91' lang='lat' dir='ltr'>tuum</span> 
     </span>
     <span class='ocr_line' id='line_1_14' title="bbox 86 1125 534 1195; baseline -0.013 -16"><span class='ocrx_word' id='word_1_87' title='bbox 86 1130 212 1195; x_wconf 83' lang='lat' dir='ltr'>privatum</span> <span class='ocrx_word' id='word_1_88' title='bbox 223 1127 383 1177; x_wconf 77' lang='lat' dir='ltr'>latrocinium</span> <span class='ocrx_word' id='word_1_89' title='bbox 396 1125 534 1176; x_wconf 78' lang='lat' dir='ltr'>ducamus?</span> 
     </span>
    </p>

    <p class='ocr_par' dir='ltr' id='par_1_3' title="bbox 86 1195 860 1822">
     <span class='ocr_line' id='line_1_15' title="bbox 117 1195 857 1261; baseline 0 -13"><span class='ocrx_word' id='word_1_90' title='bbox 117 1201 146 1248; x_wconf 79' lang='lat' dir='ltr'>at</span> <span class='ocrx_word' id='word_1_91' title='bbox 160 1212 189 1248; x_wconf 87' lang='lat' dir='ltr'>co</span> <span class='ocrx_word' id='word_1_92' title='bbox 200 1198 254 1261; x_wconf 91' lang='lat' dir='ltr'>ipso</span> <span class='ocrx_word' id='word_1_93' title='bbox 267 1202 399 1246; x_wconf 88' lang='lat' dir='ltr'>contentus</span> <span class='ocrx_word' id='word_1_94' title='bbox 409 1195 493 1254; x_wconf 88' lang='lat' dir='ltr'>luisti;</span> <span class='ocrx_word' id='word_1_95' title='bbox 506 1202 573 1245; x_wconf 90' lang='lat' dir='ltr'>recto</span> <span class='ocrx_word' id='word_1_96' title='bbox 585 1195 675 1246; x_wconf 86' lang='lat' dir='ltr'>itinera</span> <span class='ocrx_word' id='word_1_97' title='bbox 684 1196 857 1248; x_wconf 83' lang='lat' dir='ltr'>duxistierer-</span> 
     </span>
     <span class='ocr_line' id='line_1_16' title="bbox 86 1264 857 1331; baseline -0.003 -11"><span class='ocrx_word' id='word_1_98' title='bbox 86 1270 165 1321; x_wconf 89' lang='lat' dir='ltr'>citum</span> <span class='ocrx_word' id='word_1_99' title='bbox 181 1268 213 1318; x_wconf 86' lang='lat' dir='ltr'>ad</span> <span class='ocrx_word' id='word_1_100' title='bbox 224 1281 274 1323; x_wconf 90' lang='lat' dir='ltr'>eos,</span> <span class='ocrx_word' id='word_1_101' title='bbox 289 1279 350 1330; x_wconf 91' lang='lat' dir='ltr'>quos</span> <span class='ocrx_word' id='word_1_102' title='bbox 364 1265 408 1314; x_wconf 87' lang='lat' dir='ltr'>tihi</span> <span class='ocrx_word' id='word_1_103' title='bbox 422 1266 505 1315; x_wconf 82' lang='lat' dir='ltr'>hostes</span> <span class='ocrx_word' id='word_1_104' title='bbox 517 1264 691 1328; x_wconf 87' lang='lat' dir='ltr'>desumpseras</span> <span class='ocrx_word' id='word_1_105' title='bbox 705 1281 712 1316; x_wconf 90' lang='lat'>:</span> <span class='ocrx_word' id='word_1_106' title='bbox 727 1280 760 1317; x_wconf 86' lang='lat' dir='ltr'>aa</span> <span class='ocrx_word' id='word_1_107' title='bbox 773 1274 799 1318; x_wconf 88' lang='lat' dir='ltr'>et</span> <span class='ocrx_word' id='word_1_108' title='bbox 812 1282 857 1331; x_wconf 89' lang='lat' dir='ltr'>per</span> 
     </span>
     <span class='ocr_line' id='line_1_17' title="bbox 87 1334 857 1398; baseline 0.001 -10"><span class='ocrx_word' id='word_1_109' title='bbox 87 1352 173 1389; x_wconf 89' lang='lat' dir='ltr'>omues</span> <span class='ocrx_word' id='word_1_110' title='bbox 184 1339 310 1387; x_wconf 78' lang='lat' dir='ltr'>anllactus</span> <span class='ocrx_word' id='word_1_111' title='bbox 320 1336 427 1393; x_wconf 84' lang='lat' dir='ltr'>riarum,</span> <span class='ocrx_word' id='word_1_112' title='bbox 442 1348 521 1398; x_wconf 89' lang='lat' dir='ltr'>quum</span> <span class='ocrx_word' id='word_1_113' title='bbox 529 1334 561 1384; x_wconf 90' lang='lat' dir='ltr'>ad</span> <span class='ocrx_word' id='word_1_114' title='bbox 571 1335 638 1385; x_wconf 79' lang='lat' dir='ltr'>bivia</span> <span class='ocrx_word' id='word_1_115' title='bbox 646 1337 803 1394; x_wconf 75' lang='lat' dir='ltr'>consisteres,</span> <span class='ocrx_word' id='word_1_116' title='bbox 818 1344 857 1396; x_wconf 84' lang='lat' dir='ltr'>ut,</span> 
     </span>
     <span class='ocr_line' id='line_1_18' title="bbox 86 1405 860 1474; baseline 0.001 -15"><span class='ocrx_word' id='word_1_117' title='bbox 86 1424 136 1474; x_wconf 89' lang='lat' dir='ltr'>quo</span> <span class='ocrx_word' id='word_1_118' title='bbox 149 1409 258 1458; x_wconf 87' lang='lat' dir='ltr'>flexisset</span> <span class='ocrx_word' id='word_1_119' title='bbox 273 1419 364 1468; x_wconf 80' lang='lat' dir='ltr'>agmen</span> <span class='ocrx_word' id='word_1_120' title='bbox 379 1405 475 1455; x_wconf 78' lang='lat' dir='ltr'>Attalus</span> <span class='ocrx_word' id='word_1_121' title='bbox 491 1406 609 1457; x_wconf 77' lang='lat' dir='ltr'>Eumenis</span> <span class='ocrx_word' id='word_1_122' title='bbox 621 1408 710 1465; x_wconf 80' lang='lat' dir='ltr'>irater,</span> <span class='ocrx_word' id='word_1_123' title='bbox 724 1421 755 1459; x_wconf 89' lang='lat' dir='ltr'>co</span> <span class='ocrx_word' id='word_1_124' title='bbox 771 1410 860 1460; x_wconf 86' lang='lat' dir='ltr'>consul</span> 
     </span>
     <span class='ocr_line' id='line_1_19' title="bbox 87 1476 856 1540; baseline -0.001 -10"><span class='ocrx_word' id='word_1_125' title='bbox 87 1480 257 1530; x_wconf 80' lang='lat' dir='ltr'>mercenarius</span> <span class='ocrx_word' id='word_1_126' title='bbox 273 1491 331 1527; x_wconf 89' lang='lat' dir='ltr'>cum</span> <span class='ocrx_word' id='word_1_127' title='bbox 343 1477 455 1527; x_wconf 84' lang='lat' dir='ltr'>exercitu</span> <span class='ocrx_word' id='word_1_128' title='bbox 464 1476 573 1527; x_wconf 86' lang='lat' dir='ltr'>Romano</span> <span class='ocrx_word' id='word_1_129' title='bbox 584 1478 736 1540; x_wconf 80' lang='lat' dir='ltr'>sequereris.</span> <span class='ocrx_word' id='word_1_130' title='bbox 747 1479 856 1537; x_wconf 81' lang='lat' dir='ltr'>Pisidiae.</span> 
     </span>
     <span class='ocr_line' id='line_1_20' title="bbox 87 1543 858 1615; baseline 0 -13"><span class='ocrx_word' id='word_1_131' title='bbox 87 1551 263 1615; x_wconf 75' lang='lat' dir='ltr'>Lycaouiaeque</span> <span class='ocrx_word' id='word_1_132' title='bbox 273 1554 298 1599; x_wconf 92' lang='lat' dir='ltr'>et</span> <span class='ocrx_word' id='word_1_133' title='bbox 312 1547 427 1612; x_wconf 73' lang='lat' dir='ltr'>Phrygiae</span> <span class='ocrx_word' id='word_1_134' title='bbox 440 1561 551 1597; x_wconf 88' lang='lat' dir='ltr'>recessus</span> <span class='ocrx_word' id='word_1_135' title='bbox 565 1563 651 1599; x_wconf 88' lang='lat' dir='ltr'>omues</span> <span class='ocrx_word' id='word_1_136' title='bbox 664 1543 741 1613; x_wconf 75' lang='lat' dir='ltr'>atque</span> <span class='ocrx_word' id='word_1_137' title='bbox 752 1552 858 1615; x_wconf 83' lang='lat' dir='ltr'>angulos</span> 
     </span>
     <span class='ocr_line' id='line_1_21' title="bbox 86 1618 857 1683; baseline 0.004 -14"><span class='ocrx_word' id='word_1_138' title='bbox 86 1620 232 1683; x_wconf 83' lang='lat' dir='ltr'>peragrasti,</span> <span class='ocrx_word' id='word_1_139' title='bbox 244 1620 336 1683; x_wconf 88' lang='lat' dir='ltr'>stipem</span> <span class='ocrx_word' id='word_1_140' title='bbox 347 1618 483 1681; x_wconf 78' lang='lat' dir='ltr'>atyrauuis</span> <span class='ocrx_word' id='word_1_141' title='bbox 492 1619 684 1683; x_wconf 80' lang='lat' dir='ltr'>castellanisque</span> <span class='ocrx_word' id='word_1_142' title='bbox 694 1620 773 1671; x_wconf 83' lang='lat' dir='ltr'>deviis</span> <span class='ocrx_word' id='word_1_143' title='bbox 781 1622 857 1673; x_wconf 92' lang='lat' dir='ltr'>colli-</span> 
     </span>
     <span class='ocr_line' id='line_1_22' title="bbox 86 1690 857 1757; baseline 0.006 -18"><span class='ocrx_word' id='word_1_144' title='bbox 86 1691 163 1755; x_wconf 87' lang='lat' dir='ltr'>gens?</span> <span class='ocrx_word' id='word_1_145' title='bbox 174 1690 237 1748; x_wconf 83' lang='lat' dir='ltr'>Quid</span> <span class='ocrx_word' id='word_1_146' title='bbox 251 1690 318 1738; x_wconf 90' lang='lat' dir='ltr'>enim</span> <span class='ocrx_word' id='word_1_147' title='bbox 328 1690 374 1739; x_wconf 89' lang='lat' dir='ltr'>tibi</span> <span class='ocrx_word' id='word_1_148' title='bbox 386 1703 444 1741; x_wconf 88' lang='lat' dir='ltr'>cum</span> <span class='ocrx_word' id='word_1_149' title='bbox 457 1692 578 1741; x_wconf 84' lang='lat' dir='ltr'>Oroandis</span> <span class='ocrx_word' id='word_1_150' title='bbox 584 1692 635 1755; x_wconf 77' lang='lat'>(5)?</span> <span class='ocrx_word' id='word_1_151' title='bbox 646 1692 708 1756; x_wconf 85' lang='lat' dir='ltr'>quid</span> <span class='ocrx_word' id='word_1_152' title='bbox 719 1706 777 1743; x_wconf 86' lang='lat' dir='ltr'>cum</span> <span class='ocrx_word' id='word_1_153' title='bbox 786 1707 857 1757; x_wconf 84' lang='lat' dir='ltr'>aeque</span> 
     </span>
     <span class='ocr_line' id='line_1_23' title="bbox 86 1760 322 1822; baseline -0.008 -11"><span class='ocrx_word' id='word_1_154' title='bbox 86 1760 195 1811; x_wconf 81' lang='lat' dir='ltr'>innoxiis</span> <span class='ocrx_word' id='word_1_155' title='bbox 206 1760 322 1822; x_wconf 83' lang='lat' dir='ltr'>populis?</span> 
     </span>
    </p>

    <p class='ocr_par' dir='ltr' id='par_1_4' title="bbox 86 1829 859 2036">
     <span class='ocr_line' id='line_1_24' title="bbox 117 1829 856 1896; baseline 0.007 -17"><span class='ocrx_word' id='word_1_156' title='bbox 117 1829 210 1879; x_wconf 90' lang='lat' dir='ltr'>Bellum</span> <span class='ocrx_word' id='word_1_157' title='bbox 220 1836 305 1877; x_wconf 92' lang='lat' dir='ltr'>autem</span> <span class='ocrx_word' id='word_1_158' title='bbox 317 1829 408 1891; x_wconf 86' lang='lat' dir='ltr'>ipsum,</span> <span class='ocrx_word' id='word_1_159' title='bbox 424 1829 496 1891; x_wconf 84' lang='lat' dir='ltr'>cuius</span> <span class='ocrx_word' id='word_1_160' title='bbox 504 1831 604 1880; x_wconf 90' lang='lat' dir='ltr'>nomine</span> <span class='ocrx_word' id='word_1_161' title='bbox 614 1832 771 1896; x_wconf 88' lang='lat' dir='ltr'>triumphum</span> <span class='ocrx_word' id='word_1_162' title='bbox 782 1834 856 1896; x_wconf 83' lang='lat' dir='ltr'>petis,</span> 
     </span>
     <span class='ocr_line' id='line_1_25' title="bbox 86 1900 859 1966; baseline 0 -15"><span class='ocrx_word' id='word_1_163' title='bbox 86 1914 137 1963; x_wconf 89' lang='lat' dir='ltr'>quo</span> <span class='ocrx_word' id='word_1_164' title='bbox 146 1900 219 1950; x_wconf 90' lang='lat' dir='ltr'>modo</span> <span class='ocrx_word' id='word_1_165' title='bbox 227 1900 342 1961; x_wconf 79' lang='lat' dir='ltr'>gessisti?</span> <span class='ocrx_word' id='word_1_166' title='bbox 352 1901 413 1949; x_wconf 84' lang='lat' dir='ltr'>loco</span> <span class='ocrx_word' id='word_1_167' title='bbox 422 1914 502 1963; x_wconf 77' lang='lat' dir='ltr'>aequo.</span> <span class='ocrx_word' id='word_1_168' title='bbox 511 1908 622 1965; x_wconf 87' lang='lat' dir='ltr'>tempore</span> <span class='ocrx_word' id='word_1_169' title='bbox 629 1910 672 1952; x_wconf 89' lang='lat' dir='ltr'>tuo</span> <span class='ocrx_word' id='word_1_170' title='bbox 683 1903 716 1966; x_wconf 82' lang='lat' dir='ltr'>(l)</span> <span class='ocrx_word' id='word_1_171' title='bbox 725 1904 859 1966; x_wconf 79' lang='lat' dir='ltr'>pugnasti?</span> 
     </span>
     <span class='ocr_line' id='line_1_26' title="bbox 87 1971 857 2036; baseline 0.006 -16"><span class='ocrx_word' id='word_1_172' title='bbox 87 1971 185 2021; x_wconf 80' lang='lat' dir='ltr'>latero</span> <span class='ocrx_word' id='word_1_173' title='bbox 191 1977 268 2027; x_wconf 81' lang='lat' dir='ltr'>recte,</span> <span class='ocrx_word' id='word_1_174' title='bbox 275 1971 359 2020; x_wconf 88' lang='lat' dir='ltr'>utdiis</span> <span class='ocrx_word' id='word_1_175' title='bbox 365 1971 546 2022; x_wconf 86' lang='lat' dir='ltr'>immortalibus</span> <span class='ocrx_word' id='word_1_176' title='bbox 554 1974 762 2031; x_wconf 87' lang='lat' dir='ltr'>honoshabeatur,</span> <span class='ocrx_word' id='word_1_177' title='bbox 768 1980 857 2036; x_wconf 87' lang='lat' dir='ltr'>postu-</span> 
     </span>
    </p>
   </div>
   <div class='ocr_carea' id='block_1_3' title="bbox 87 2090 877 2951">
    <p class='ocr_par' dir='ltr' id='par_1_5' title="bbox 87 2090 877 2951">
     <span class='ocr_line' id='line_1_27' title="bbox 87 2090 857 2151; baseline 0.005 -16"><span class='ocrx_word' id='word_1_178' title='bbox 87 2093 109 2136; x_wconf 76' lang='lat'>2.</span> <span class='ocrx_word' id='word_1_179' title='bbox 121 2090 461 2146; x_wconf 66' lang='lat' dir='ltr'>tcdtvortieaqaarumcen-</span> <span class='ocrx_word' id='word_1_180' title='bbox 487 2093 526 2138; x_wconf 84' lang='lat' dir='ltr'>des</span> <span class='ocrx_word' id='word_1_181' title='bbox 543 2107 646 2150; x_wconf 88' lang='lat' dir='ltr'>pronoms</span> <span class='ocrx_word' id='word_1_182' title='bbox 662 2095 776 2151; x_wconf 84' lang='lat' dir='ltr'>posseseils</span> <span class='ocrx_word' id='word_1_183' title='bbox 794 2096 857 2139; x_wconf 76' lang='lat' dir='ltr'>esti</span> 
     </span>
     <span class='ocr_line' id='line_1_28' title="bbox 88 2152 857 2213; baseline 0.008 -17"><span class='ocrx_word' id='word_1_184' title='bbox 88 2152 462 2210; x_wconf 58' lang='lat' dir='ltr'>adimiialocisundeaqueson-</span> <span class='ocrx_word' id='word_1_185' title='bbox 487 2162 550 2200; x_wconf 87' lang='lat' dir='ltr'>noter</span> <span class='ocrx_word' id='word_1_186' title='bbox 574 2161 622 2200; x_wconf 87' lang='lat' dir='ltr'>tout</span> <span class='ocrx_word' id='word_1_187' title='bbox 646 2156 857 2213; x_wconf 80' lang='lat' dir='ltr'>puticmiaremeut.</span> 
     </span>
     <span class='ocr_line' id='line_1_29' title="bbox 89 2213 859 2274; baseline 0.01 -19"><span class='ocrx_word' id='word_1_188' title='bbox 89 2218 150 2256; x_wconf 79' lang='lat' dir='ltr'>tanae</span> <span class='ocrx_word' id='word_1_189' title='bbox 159 2214 192 2255; x_wconf 81' lang='lat' dir='ltr'>uel</span> <span class='ocrx_word' id='word_1_190' title='bbox 203 2214 301 2261; x_wconf 64' lang='lat' dir='ltr'>calates</span> <span class='ocrx_word' id='word_1_191' title='bbox 309 2213 461 2258; x_wconf 73' lang='lat' dir='ltr'>indicentem</span> <span class='ocrx_word' id='word_1_192' title='bbox 487 2218 545 2262; x_wconf 79' lang='lat' dir='ltr'>lions</span> <span class='ocrx_word' id='word_1_193' title='bbox 560 2218 610 2262; x_wconf 86' lang='lat' dir='ltr'>u&#39;en</span> <span class='ocrx_word' id='word_1_194' title='bbox 628 2220 723 2261; x_wconf 84' lang='lat' dir='ltr'>citerous</span> <span class='ocrx_word' id='word_1_195' title='bbox 744 2218 772 2260; x_wconf 90' lang='lat' dir='ltr'>ici</span> <span class='ocrx_word' id='word_1_196' title='bbox 790 2218 859 2274; x_wconf 81' lang='lat' dir='ltr'>qu&#39;uu</span> 
     </span>
     <span class='ocr_line' id='line_1_30' title="bbox 88 2275 860 2335; baseline 0.008 -18"><span class='ocrx_word' id='word_1_197' title='bbox 88 2275 203 2328; x_wconf 73' lang='lat' dir='ltr'>defluunt,</span> <span class='ocrx_word' id='word_1_198' title='bbox 214 2276 245 2319; x_wconf 86' lang='lat' dir='ltr'>les</span> <span class='ocrx_word' id='word_1_199' title='bbox 254 2277 322 2318; x_wconf 75' lang='lat' dir='ltr'>umes</span> <span class='ocrx_word' id='word_1_200' title='bbox 330 2275 416 2319; x_wconf 74' lang='lat' dir='ltr'>clareas</span> <span class='ocrx_word' id='word_1_201' title='bbox 422 2276 461 2319; x_wconf 88' lang='lat' dir='ltr'>des</span> <span class='ocrx_word' id='word_1_202' title='bbox 488 2281 593 2334; x_wconf 83' lang='lat' dir='ltr'>exempla.</span> <span class='ocrx_word' id='word_1_203' title='bbox 603 2280 657 2323; x_wconf 85' lang='lat' dir='ltr'>daus</span> <span class='ocrx_word' id='word_1_204' title='bbox 671 2278 744 2335; x_wconf 86' lang='lat' dir='ltr'>lequel</span> <span class='ocrx_word' id='word_1_205' title='bbox 756 2290 812 2322; x_wconf 77' lang='lat' dir='ltr'>satta</span> <span class='ocrx_word' id='word_1_206' title='bbox 824 2286 860 2323; x_wconf 85' lang='lat' dir='ltr'>eat</span> 
     </span>
     <span class='ocr_line' id='line_1_31' title="bbox 90 2337 860 2396; baseline 0.006 -17"><span class='ocrx_word' id='word_1_207' title='bbox 90 2344 216 2392; x_wconf 87' lang='lat' dir='ltr'>montagncs</span> <span class='ocrx_word' id='word_1_208' title='bbox 232 2337 262 2381; x_wconf 81' lang='lat' dir='ltr'>orl</span> <span class='ocrx_word' id='word_1_209' title='bbox 278 2338 310 2380; x_wconf 88' lang='lat' dir='ltr'>les</span> <span class='ocrx_word' id='word_1_210' title='bbox 327 2350 381 2381; x_wconf 77' lang='lat' dir='ltr'>etur</span> <span class='ocrx_word' id='word_1_211' title='bbox 395 2337 462 2381; x_wconf 76' lang='lat' dir='ltr'>sese·</span> <span class='ocrx_word' id='word_1_212' title='bbox 488 2341 549 2396; x_wconf 81' lang='lat' dir='ltr'>place</span> <span class='ocrx_word' id='word_1_213' title='bbox 567 2354 595 2384; x_wconf 87' lang='lat' dir='ltr'>eu</span> <span class='ocrx_word' id='word_1_214' title='bbox 613 2343 735 2396; x_wconf 80' lang='lat' dir='ltr'>appositior</span> <span class='ocrx_word' id='word_1_215' title='bbox 756 2352 809 2384; x_wconf 82' lang='lat' dir='ltr'>arec</span> <span class='ocrx_word' id='word_1_216' title='bbox 829 2354 860 2384; x_wconf 85' lang='lat' dir='ltr'>ua</span> 
     </span>
     <span class='ocr_line' id='line_1_32' title="bbox 90 2399 858 2458; baseline 0.004 -16"><span class='ocrx_word' id='word_1_217' title='bbox 90 2407 165 2452; x_wconf 82' lang='lat' dir='ltr'>parcnt</span> <span class='ocrx_word' id='word_1_218' title='bbox 190 2411 246 2454; x_wconf 93' lang='lat' dir='ltr'>pour</span> <span class='ocrx_word' id='word_1_219' title='bbox 270 2400 390 2442; x_wconf 85' lang='lat' dir='ltr'>desecudra</span> <span class='ocrx_word' id='word_1_220' title='bbox 408 2399 462 2441; x_wconf 80' lang='lat' dir='ltr'>dana</span> <span class='ocrx_word' id='word_1_221' title='bbox 489 2408 534 2446; x_wconf 86' lang='lat' dir='ltr'>mot</span> <span class='ocrx_word' id='word_1_222' title='bbox 557 2404 609 2446; x_wconf 84' lang='lat' dir='ltr'>dont</span> <span class='ocrx_word' id='word_1_223' title='bbox 637 2402 657 2444; x_wconf 87' lang='lat' dir='ltr'>la</span> <span class='ocrx_word' id='word_1_224' title='bbox 676 2402 780 2458; x_wconf 77' lang='lat' dir='ltr'>presence</span> <span class='ocrx_word' id='word_1_225' title='bbox 797 2402 858 2447; x_wconf 79' lang='lat' dir='ltr'>seule</span> 
     </span>
     <span class='ocr_line' id='line_1_33' title="bbox 89 2462 857 2518; baseline 0.007 -17"><span class='ocrx_word' id='word_1_226' title='bbox 89 2464 127 2507; x_wconf 82' lang='lat' dir='ltr'>les</span> <span class='ocrx_word' id='word_1_227' title='bbox 143 2463 261 2506; x_wconf 79' lang='lat' dir='ltr'>directions</span> <span class='ocrx_word' id='word_1_228' title='bbox 280 2462 414 2506; x_wconf 76' lang='lat' dir='ltr'>differentes.</span> <span class='ocrx_word' id='word_1_229' title='bbox 434 2485 460 2493; x_wconf 94' lang='lat'>—</span> <span class='ocrx_word' id='word_1_230' title='bbox 487 2463 617 2518; x_wconf 82' lang='lat' dir='ltr'>l&#39;cxplique;</span> <span class='ocrx_word' id='word_1_231' title='bbox 628 2463 680 2506; x_wconf 82' lang='lat' dir='ltr'>c&#39;est</span> <span class='ocrx_word' id='word_1_232' title='bbox 697 2476 726 2506; x_wconf 91' lang='lat' dir='ltr'>au</span> <span class='ocrx_word' id='word_1_233' title='bbox 743 2464 781 2507; x_wconf 80' lang='lat' dir='ltr'>liv.</span> <span class='ocrx_word' id='word_1_234' title='bbox 797 2463 857 2516; x_wconf 73' lang='lat' dir='ltr'>llll,</span> 
     </span>
     <span class='ocr_line' id='line_1_34' title="bbox 88 2524 860 2577; baseline 0.001 -10"><span class='ocrx_word' id='word_1_235' title='bbox 88 2525 109 2567; x_wconf 77' lang='lat'>5.</span> <span class='ocrx_word' id='word_1_236' title='bbox 140 2524 261 2577; x_wconf 70' lang='grc' dir='ltr'>θνοαιιάίε,</span> <span class='ocrx_word' id='word_1_237' title='bbox 289 2526 316 2569; x_wconf 83' lang='lat' dir='ltr'>de</span> <span class='ocrx_word' id='word_1_238' title='bbox 343 2524 459 2575; x_wconf 79' lang='lat' dir='ltr'>Oroanda,</span> <span class='ocrx_word' id='word_1_239' title='bbox 487 2525 521 2567; x_wconf 81' lang='lat' dir='ltr'>ch.</span> <span class='ocrx_word' id='word_1_240' title='bbox 537 2524 571 2567; x_wconf 64' lang='lat' dir='ltr'>ll.</span> <span class='ocrx_word' id='word_1_241' title='bbox 587 2524 661 2576; x_wconf 83' lang='lat' dir='ltr'>Quum</span> <span class='ocrx_word' id='word_1_242' title='bbox 677 2524 806 2568; x_wconf 72' lang='lat' dir='ltr'>Pomm...</span> <span class='ocrx_word' id='word_1_243' title='bbox 822 2537 860 2568; x_wconf 87' lang='lat' dir='ltr'>auu</span> 
     </span>
     <span class='ocr_line' id='line_1_35' title="bbox 90 2585 858 2643; baseline 0.001 -16"><span class='ocrx_word' id='word_1_244' title='bbox 90 2586 142 2630; x_wconf 80' lang='lat' dir='ltr'>ailla</span> <span class='ocrx_word' id='word_1_245' title='bbox 151 2587 178 2630; x_wconf 88' lang='lat' dir='ltr'>dc</span> <span class='ocrx_word' id='word_1_246' title='bbox 189 2586 268 2630; x_wconf 80' lang='lat' dir='ltr'>Pisidia</span> <span class='ocrx_word' id='word_1_247' title='bbox 283 2587 334 2629; x_wconf 82' lang='lat' dir='ltr'>dont</span> <span class='ocrx_word' id='word_1_248' title='bbox 351 2587 383 2629; x_wconf 77' lang='lat' dir='ltr'>las</span> <span class='ocrx_word' id='word_1_249' title='bbox 399 2585 460 2629; x_wconf 90' lang='lat' dir='ltr'>habi·</span> <span class='ocrx_word' id='word_1_250' title='bbox 488 2586 587 2630; x_wconf 73' lang='lat' dir='ltr'>maxime</span> <span class='ocrx_word' id='word_1_251' title='bbox 598 2588 858 2643; x_wconf 77' lang='lat' dir='ltr'>temporeatqaeattano</span> 
     </span>
     <span class='ocr_line' id='line_1_36' title="bbox 90 2646 858 2705; baseline 0 -14"><span class='ocrx_word' id='word_1_252' title='bbox 90 2656 148 2691; x_wconf 79' lang='lat' dir='ltr'>tanta</span> <span class='ocrx_word' id='word_1_253' title='bbox 161 2653 209 2692; x_wconf 86' lang='lat' dir='ltr'>sont</span> <span class='ocrx_word' id='word_1_254' title='bbox 224 2649 322 2691; x_wconf 76' lang='lat' dir='ltr'>nominee</span> <span class='ocrx_word' id='word_1_255' title='bbox 342 2648 460 2705; x_wconf 53' lang='lat' dir='ltr'>‘optatione</span> <span class='ocrx_word' id='word_1_256' title='bbox 487 2647 590 2691; x_wconf 72' lang='lat' dir='ltr'>hostilius</span> <span class='ocrx_word' id='word_1_257' title='bbox 600 2646 799 2703; x_wconf 77' lang='lat' dir='ltr'>inciperabellum</span> <span class='ocrx_word' id='word_1_258' title='bbox 808 2661 858 2704; x_wconf 83' lang='lat' dir='ltr'>poe·</span> 
     </span>
     <span class='ocr_line' id='line_1_37' title="bbox 90 2709 859 2765; baseline 0 -14"><span class='ocrx_word' id='word_1_259' title='bbox 90 2710 247 2754; x_wconf 67' lang='lat' dir='ltr'>accendentes</span> <span class='ocrx_word' id='word_1_260' title='bbox 271 2723 301 2754; x_wconf 90' lang='lat' dir='ltr'>ou</span> <span class='ocrx_word' id='word_1_261' title='bbox 317 2711 460 2762; x_wconf 79' lang='lat' dir='ltr'>Oroandici‚·</span> <span class='ocrx_word' id='word_1_262' title='bbox 487 2713 528 2753; x_wconf 79' lang='lat' dir='ltr'>tel.</span> <span class='ocrx_word' id='word_1_263' title='bbox 538 2709 566 2754; x_wconf 87' lang='lat' dir='ltr'>Ca</span> <span class='ocrx_word' id='word_1_264' title='bbox 576 2710 615 2765; x_wconf 84' lang='lat' dir='ltr'>qui</span> <span class='ocrx_word' id='word_1_265' title='bbox 625 2710 670 2752; x_wconf 83' lang='lat' dir='ltr'>suit</span> <span class='ocrx_word' id='word_1_266' title='bbox 683 2723 695 2753; x_wconf 86' lang='lat' dir='ltr'>a</span> <span class='ocrx_word' id='word_1_267' title='bbox 704 2711 756 2753; x_wconf 79' lang='lat' dir='ltr'>trait</span> <span class='ocrx_word' id='word_1_268' title='bbox 764 2722 806 2752; x_wconf 84' lang='lat' dir='ltr'>aux</span> <span class='ocrx_word' id='word_1_269' title='bbox 816 2716 859 2752; x_wconf 87' lang='lat' dir='ltr'>ter-</span> 
     </span>
     <span class='ocr_line' id='line_1_38' title="bbox 91 2770 857 2828; baseline -0.003 -15"><span class='ocrx_word' id='word_1_270' title='bbox 91 2784 137 2827; x_wconf 70' lang='lat' dir='ltr'>vop.</span> <span class='ocrx_word' id='word_1_271' title='bbox 157 2772 242 2828; x_wconf 68' lang='lat' dir='ltr'>Polybo,</span> <span class='ocrx_word' id='word_1_272' title='bbox 261 2772 321 2826; x_wconf 79' lang='lat' dir='ltr'>lllll,</span> <span class='ocrx_word' id='word_1_273' title='bbox 339 2775 373 2817; x_wconf 86' lang='lat' dir='ltr'>ch.</span> <span class='ocrx_word' id='word_1_274' title='bbox 391 2774 424 2818; x_wconf 70' lang='lat' dir='ltr'>at.</span> <span class='ocrx_word' id='word_1_275' title='bbox 434 2796 461 2805; x_wconf 90' lang='lat'>-</span> <span class='ocrx_word' id='word_1_276' title='bbox 488 2784 534 2815; x_wconf 84' lang='lat' dir='ltr'>mes</span> <span class='ocrx_word' id='word_1_277' title='bbox 544 2771 571 2814; x_wconf 88' lang='lat' dir='ltr'>de</span> <span class='ocrx_word' id='word_1_278' title='bbox 581 2770 600 2813; x_wconf 93' lang='lat' dir='ltr'>la</span> <span class='ocrx_word' id='word_1_279' title='bbox 609 2771 715 2814; x_wconf 86' lang='lat' dir='ltr'>demanda</span> <span class='ocrx_word' id='word_1_280' title='bbox 724 2770 857 2820; x_wconf 86' lang='lat' dir='ltr'>dellanlius,</span> 
     </span>
     <span class='ocr_line' id='line_1_39' title="bbox 90 2830 858 2891; baseline -0.008 -14"><span class='ocrx_word' id='word_1_281' title='bbox 90 2835 110 2877; x_wconf 82' lang='lat' dir='ltr'>l.</span> <span class='ocrx_word' id='word_1_282' title='bbox 133 2834 241 2891; x_wconf 81' lang='lat' dir='ltr'>Tempore</span> <span class='ocrx_word' id='word_1_283' title='bbox 259 2838 310 2885; x_wconf 82' lang='lat' dir='ltr'>tuo,</span> <span class='ocrx_word' id='word_1_284' title='bbox 330 2849 387 2891; x_wconf 92' lang='lat' dir='ltr'>pour</span> <span class='ocrx_word' id='word_1_285' title='bbox 405 2838 461 2878; x_wconf 87' lang='lat' dir='ltr'>iem·</span> <span class='ocrx_word' id='word_1_286' title='bbox 490 2833 620 2876; x_wconf 73' lang='lat' dir='ltr'>«alubret</span> <span class='ocrx_word' id='word_1_287' title='bbox 634 2832 664 2877; x_wconf 76' lang='lat' dir='ltr'>ab</span> <span class='ocrx_word' id='word_1_288' title='bbox 680 2846 703 2875; x_wconf 77' lang='lat' dir='ltr'>aa·</span> <span class='ocrx_word' id='word_1_289' title='bbox 719 2836 794 2887; x_wconf 73' lang='lat' dir='ltr'>amena</span> <span class='ocrx_word' id='word_1_290' title='bbox 811 2830 858 2873; x_wconf 69' lang='lat' dir='ltr'>diis</span> 
     </span>
     <span class='ocr_line' id='line_1_40' title="bbox 90 2891 877 2951; baseline -0.017 -14"><span class='ocrx_word' id='word_1_291' title='bbox 90 2895 198 2950; x_wconf 80' lang='lat' dir='ltr'>poretiht&#39;</span> <span class='ocrx_word' id='word_1_292' title='bbox 208 2898 461 2951; x_wconf 71' lang='lat' dir='ltr'>opportunacansaga</span> <span class='ocrx_word' id='word_1_293' title='bbox 490 2894 667 2939; x_wconf 74' lang='lat' dir='ltr'>immortalibus</span> <span class='ocrx_word' id='word_1_294' title='bbox 684 2894 762 2935; x_wconf 70' lang='lat' dir='ltr'>leonins</span> <span class='ocrx_word' id='word_1_295' title='bbox 773 2891 877 2929; x_wconf 68' lang='lat' dir='ltr'>numere·</span> 
     </span>
    </p>
   </div>
   <div class='ocr_carea' id='block_1_4' title="bbox 0 0 961 3216">
    <p class='ocr_par' dir='ltr' id='par_1_6' title="bbox 0 0 961 3216">
     <span class='ocr_line' id='line_1_41' title="bbox 0 0 961 3216; baseline 0 0"><span class='ocrx_word' id='word_1_296' title='bbox 0 0 961 3216; x_wconf 95' lang='lat' dir='ltr'> </span> 
     </span>
    </p>
   </div>
  </div>
 </body>
</html>
