1904 3216
278 196 313 243 El
329 196 425 250 QUINTI
442 195 536 244 euntll
552 194 608 244 LIB.¹
624 197 662 276 lv,
807 198 853 248 515

86 316 155 360 antea
167 325 213 373 pro
223 310 274 358 illis
286 316 363 366 erant,
378 311 403 357 in
416 310 569 358 contrarium
577 325 646 360 versa
659 317 726 360 sunt.
738 313 850 365 Nostrum

85 381 174 429 mobile
187 386 212 429 et
223 380 362 440 expeditum
375 394 463 440 agmen
479 386 523 435 est,
539 380 601 428 illud
615 381 696 443 praeda
710 396 792 443 grave.
806 386 853 433 lm-

86 452 188 512 plicatos
196 463 255 510 ergo
263 450 349 511 spoliis
361 451 453 498 nostris
462 450 653 507 mundabimus,
667 452 800 516 eademque
812 469 852 503 res

86 527 111 570 et
121 535 194 569 causa
205 521 254 569 erit
266 520 375 568 victoriae
386 527 410 568 et
424 521 528 568 fructus.

118 591 208 647 Quodsi
220 600 295 653 quem
313 605 326 639 e
345 591 413 640 vobis
431 604 521 639 nomen
540 592 620 653 gentis
640 600 731 651 movet,
752 596 853 657 cogitet,

86 662 242 710 Macedonum
257 662 308 710 illic
325 675 393 710 arma
406 676 467 718 esse,
480 676 529 711 non
543 676 654 724 corpore,
669 665 771 714 llultum
787 667 854 715 enim

86 732 234 792 sanguinem
242 730 349 780 invicem
358 731 496 790 hausimus,
505 739 530 780 et
537 745 635 794 semper
645 735 748 794 gravior
759 735 786 783 in
794 750 855 799 pau·

57 863 59 869 ¹
87 803 160 852 citate
167 803 263 865 jactura
273 808 319 850 est.
331 801 392 850 llam
403 802 545 860 Alexander,
558 811 773 867 quantuscumque
785 806 854 868 igna-

87 874 161 922 viset
174 872 270 921 timidis
281 872 361 921 videri
377 879 465 934 potest,
478 887 558 922 unum
577 873 668 922 animal
682 874 714 936 (6)
727 880 772 931 est,
787 882 821 933 et,
832 876 854 925 si

87 945 147 1008 quid
159 944 222 991 mihi
236 943 345 998 creditis,
357 943 518 991 temerarium
533 948 558 992 et
568 957 663 1001 vecors,
678 945 758 995 adhuc
769 952 853 995 nostro

87 1027 259 1077 pavorequum
271 1027 316 1062 sua
324 1013 418 1062 virtute
429 1013 535 1061 felicius.
544 1013 611 1061 ltihil
623 1019 706 1062 autem
714 1019 854 1077 potestesse

87 1086 244 1141 diuturnum,
260 1084 300 1133 cui
316 1098 366 1132 nen
379 1085 464 1133 subest
472 1084 546 1132 ratio·
562 1083 628 1134 Licet
641 1085 748 1134 felicitas
762 1086 855 1149 aspira-

87 1171 116 1206 re
124 1156 156 1219 (ll
169 1155 292 1212 videatur,
304 1160 388 1203 tamen
399 1155 430 1202 ad
441 1154 560 1203 ultimum
571 1155 706 1203 temeritati
719 1169 770 1205 non
782 1157 853 1205 sulfi-

89 1229 133 1278 cit,
149 1229 271 1276 Praeterea
283 1228 370 1275 breves
383 1231 408 1275 et
426 1226 558 1275 mutabiles
572 1226 638 1275 vices
649 1240 736 1275 rerum
748 1234 814 1286 sunt,
831 1235 856 1278 et

88 1301 190 1348 fortuna
207 1310 336 1359 nunquam
354 1296 501 1359 simpliciter
512 1296 546 1359 (8)
560 1296 680 1358 indulget.
694 1297 808 1347 Forsitan
819 1298 855 1347 ita

89 1371 125 1419 dii
136 1372 187 1419 t'ata
197 1368 383 1426 ordinaverunt,
394 1373 423 1416 ut
434 1367 567 1416 Persarum
579 1367 723 1429 imperium,
735 1369 801 1431 quod
819 1382 856 1418 se-

89 1441 170 1488 cundo
183 1451 258 1487 cursu
269 1451 314 1500 per
329 1438 447 1487 ducentos
462 1436 568 1498 triginta
587 1450 662 1486 ainos
682 1438 714 1485 ad
730 1451 856 1487 summum

89 1510 217 1571 lastigium
239 1514 380 1567 evexerant,
402 1522 492 1570 magno
510 1513 579 1557 motu
595 1513 756 1558 concuterent
776 1509 857 1571 magis

89 1595 164 1644 quam
175 1580 321 1643 affligerent,
338 1581 547 1642 admonerentque
559 1592 604 1627 nos
616 1579 759 1640 fragilitatis
769 1580 857 1629 huma-

89 1666 136 1709 me,
147 1651 217 1713 cujus
229 1650 305 1699 nimia
322 1650 348 1698 in
370 1649 498 1712 prosperis
518 1650 593 1699 rebus
608 1650 699 1698 oblivio
719 1656 765 1699 est.
789 1650 858 1699 blodo

90 1722 180 1771 Grecis
190 1723 255 1770 ultro
270 1721 364 1769 bellum
383 1721 550 1769 inferebamus
566 1736 572 1766 :
587 1734 653 1769 nunc
666 1721 693 1769 in
704 1721 804 1770 sedibus
813 1734 859 1770 no·

90 1793 149 1841 stris
166 1792 339 1854 propulsamus
355 1790 460 1839 illatum.
473 1791 599 1840 lactamur
611 1791 718 1840 invicem
739 1791 858 1839 varietate

90 1864 205 1911 fortunae.
223 1861 341 1910 Videlicet
361 1860 507 1922 imperium,
530 1860 590 1923 quia
603 1867 690 1910 mutue
704 1861 856 1919 affectamus,

90 1947 140 1982 una
155 1946 216 1993 gens
224 1945 275 1981 non
286 1931 361 1992 capit.

123 2003 244 2058 Ceterum,
257 2002 355 2050 etiamsi
370 2015 426 2063 spes
439 2015 490 2050 non
499 2004 619 2059 subesset,
633 2002 765 2052 necessitas
774 2008 857 2051 tamen

91 2073 221 2121 stimulare
235 2072 354 2120 deberet:
369 2073 399 2118 ud
418 2078 525 2120 extrema
537 2079 683 2134 perventum
699 2078 744 2122 est.
757 2073 857 2120 blatrem

91 2157 180 2201 meam,
192 2142 254 2191 duas
265 2142 336 2198 filias,
350 2143 443 2192 Ochum
463 2143 490 2190 in
507 2157 576 2206 spem
587 2143 663 2205 hujus
674 2142 775 2206 imperii
791 2141 859 2203 geni·

91 2316 177 2359 moena
189 2302 333 2345 munimenta
347 2301 415 2357 repeti
427 2301 461 2344 Ti·
488 2301 516 2344 de
533 2300 622 2356 mepris.
637 2300 747 2344 Tite-Lite
764 2299 858 2355 empleie

92 2366 141 2422 pris
161 2370 183 2409 et
200 2366 331 2421 Euphrates
347 2377 422 2415 amur,
439 2370 462 2407 et
488 2364 554 2406 bomo
565 2376 592 2405 en
606 2363 677 2405 disant
694 2362 721 2406 de
735 2363 806 2404 meme
819 2374 859 2405 sur

91 2442 119 2474 ne
137 2431 158 2472 le
184 2435 233 2472 sont
257 2429 312 2484 plus.
331 2426 461 2469 llaintenant
488 2424 606 2468 Alexandro
621 2422 664 2478 (lx,
678 2421 859 2476 ch.18l:Quort-

92 2493 168 2536 Darius
177 2505 233 2534 nous
241 2496 326 2533 mentre
342 2489 460 2532 Alexandro
488 2485 570 2528 talibct
593 2484 730 2540 moenitudo
753 2483 855 2527 bertinis

92 2554 153 2610 place
175 2557 241 2596 entre
259 2551 382 2606 l'Euphrute
401 2558 423 2594 et
440 2552 460 2593 le
488 2548 732 2603 concipiaturanimo.
746 2549 858 2591 unlusta-

92 2618 163 2670 'l'igre
181 2616 237 2659 C'cst
246 2626 289 2657 une
306 2614 332 2656 de
349 2626 386 2656 ces
401 2613 462 2655 inad-
487 2624 540 2654 men
560 2623 588 2653 ea
611 2608 747 2665 moenitudo
764 2609 858 2652 hominis

92 2675 461 2732 vartancesquiechappentparlois
488 2673 541 2717 erit.
556 2696 583 2705 -
601 2674 620 2715 l.
638 2673 756 2729 Acpirare,
772 2683 858 2715 comme

92 2736 461 2789 iQuinte-Curcedanslaclialeur
487 2738 541 2779 dans
561 2735 652 2789 Virgile,
670 2734 720 2779 AEn.
746 2735 774 2784 ll,
791 2734 832 2777 385
851 2747 857 2775 τ

92 2802 119 2844 ‹le
143 2814 166 2843 sa
185 2802 328 2856 composition
345 2806 394 2842 tout
413 2811 462 2841 ora-
487 2794 858 2853 Arpiratprimosortunalobori.

93 2863 221 2907 tone—6.
232 2864 332 2916 Animal,
342 2863 396 2913 etro,
404 2862 463 2905 crdo·
487 2882 515 2893 -
538 2860 559 2901 8.
585 2858 743 2914 Simpliciter,
757 2856 866 2900 trenche-

94 2933 154 2978 ture,
172 2925 227 2968 n'est
241 2937 278 2980 pus
296 2926 324 2969 ici
344 2937 375 2967 un
393 2931 462 2968 terme
489 2930 560 2977 ment,
568 2923 620 2967 sine
630 2923 694 2967 dolo.
