1904 3216
292 131 330 180 tttt
345 129 414 181 btttt
430 129 517 180 tttttto
532 131 580 181 vlt.
788 130 818 179 75

52 256 76 299 te
87 259 194 307 atteram.
210 245 342 310 Equidem,
354 246 434 296 sicubi
450 245 621 303 tommosam,
636 245 658 295 si
673 251 744 307 terga
762 246 821 295 data

51 316 125 375 busti,
142 316 163 366 si
171 316 244 378 signa
257 316 323 365 tede
336 315 424 364 amissa
444 314 519 377 objici
535 313 605 364 nobis
616 320 722 377 possent,
739 322 820 364 tamen

52 390 98 437 boo
111 401 124 435 a
137 393 162 436 te
169 387 301 450 impetrari
311 400 411 448 aequum
418 399 554 441 censerem,
562 390 592 435 ut
602 398 646 434 nos
660 385 753 433 virtute
763 387 820 433 cul-

52 471 108 521 pam
114 464 224 506 nostram
231 459 358 519 corrigere
367 456 593 519 etubolereilagitii
603 457 748 504 memoriam
758 470 821 504 nora

51 528 130 592 gloria
143 530 274 591 patereris.
283 528 361 578 Etiam
372 528 402 576 ad
414 529 500 577 alliam
511 528 573 577 lusae
587 527 696 586 legiones
709 528 822 584 eandem,

51 611 128 662 quam
138 611 184 660 per
196 611 309 660 pavorem
322 598 464 652 amiserant,
481 598 594 661 patriam,
608 599 725 659 proiectae
737 604 823 659 postea

52 671 82 719 ab
91 668 167 725 Veiis,
179 669 274 718 virtute
284 681 475 730 recuperarem
487 668 565 724 uobis,
573 667 647 718 deum
658 667 823 728 benignitate,

54 738 171 790 felicitate
188 745 231 787 tua
244 739 379 801 populique
394 738 506 794 Romani,
516 745 541 788 et
551 752 592 788 res
604 745 629 788 et
641 739 722 800 gloria
734 746 771 787 est
784 737 823 785 in-

54 817 136 869 tegra.
153 807 296 870 Quanquam
312 809 342 857 de
360 807 440 869 gloria
448 807 490 855 iix
507 806 591 857 dicere
602 807 690 867 ausim,
703 808 723 856 si
735 820 780 857 nos
799 812 826 855 et

54 880 137 929 hostes
151 877 222 927 haud
236 891 306 926 secus
322 892 395 940 quam
413 877 519 926 feminas
538 878 633 928 abditos
645 879 713 927 intra
730 878 823 926 vallum

54 947 172 1000 omnibus
186 947 340 997 contumeliis
353 948 464 1004 eludunt,
485 953 510 997 et
524 954 561 1004 tu.
581 949 715 1010 imperator
730 956 825 1004 noster,

54 1019 121 1082 quod
134 1017 352 1080 aegriuspatimur.
365 1016 499 1068 exercitum
511 1025 582 1067 tuum
595 1019 649 1067 sine
658 1019 757 1074 animis,
771 1018 826 1066 sine

55 1089 205 1146 missine
218 1088 331 1137 manibus
341 1087 438 1148 judicas
443 1101 506 1145 esse,
516 1096 541 1136 et
552 1088 699 1150 priusquam
709 1095 826 1151 expertus

55 1173 101 1209 nos
111 1171 189 1217 esses,
198 1158 229 1208 de
239 1160 310 1208 nobis
318 1160 352 1208 ita
367 1159 509 1221 desperasti,
518 1167 546 1208 ut
559 1167 582 1208 te
592 1172 738 1208 araneorum
747 1173 776 1208 ac
785 1159 827 1208 de·

55 1231 147 1282 billum
157 1229 246 1279 ducem
252 1229 379 1292 judieares
387 1244 447 1280 esse
455 1229 520 1286 Quid
527 1230 594 1278 enim
605 1230 737 1279 aliudesse
747 1243 828 1279 oausae

56 1300 202 1357 modernus,
219 1313 265 1349 eur
277 1308 408 1350 veteranus
422 1300 479 1355 dux,
496 1300 649 1349 fortissimus
661 1299 740 1357 bello,
756 1313 828 1349 oom-

57 1371 159 1435 pressis.
170 1369 237 1432 quod
249 1369 328 1424 aiunt.
340 1370 455 1420 manibus
467 1370 567 1419 sedeas?
576 1370 713 1431 Utcumque
722 1369 789 1418 enim
801 1383 829 1418 se

57 1440 146 1490 babeat
158 1453 209 1495 res,
225 1445 249 1488 te
262 1439 293 1489 de
308 1447 390 1490 nostra
404 1438 496 1488 virtute
512 1439 638 1489 dubitasse
652 1438 740 1495 rideri,
752 1452 827 1501 quam

58 1524 102 1560 uos
112 1510 145 1558 de
158 1516 212 1565 tua,
226 1509 312 1560 verius
322 1517 367 1559 est.
383 1509 427 1558 Sin
444 1516 527 1559 autem
543 1523 592 1559 non
604 1517 676 1559 tuum
690 1510 765 1565 istud,
786 1511 828 1559 sed

58 1579 185 1644 pubiicum
193 1586 232 1628 est
242 1579 383 1635 eonsilium,
391 1585 416 1628 et
422 1593 555 1629 consensus
563 1580 766 1643 aliquisPatrum‚
780 1592 829 1627 uon

59 1648 182 1699 Gallicum
193 1648 294 1703 bellum,
307 1663 351 1698 nos
362 1650 394 1697 ab
402 1650 473 1705 urbe,
484 1664 498 1698 a
508 1649 642 1698 Penatibus
658 1648 749 1697 nostris
761 1649 828 1696 able·

59 1727 130 1781 gatos
142 1727 223 1775 tenet;
235 1733 317 1780 quaeso
330 1727 367 1779 ut,
383 1733 412 1768 ea
428 1733 484 1782 quae
503 1720 592 1773 dicam,
605 1733 654 1767 non
673 1733 687 1768 a
706 1717 830 1767 militibus

59 1790 205 1855 imperatori
214 1791 277 1840 dicta
284 1803 394 1849 censeas,
402 1792 463 1839 seda
476 1791 545 1851 plebe
553 1790 678 1847 Patribus3
691 1804 756 1852 quae,
766 1789 830 1838 sicut

60 1874 102 1910 ros
113 1867 198 1909 vestra
207 1860 317 1910 habeatis
331 1859 441 1917 consilia,
456 1861 493 1909 sie
503 1875 528 1910 se
540 1874 584 1909 sua
598 1860 741 1908 habituram
752 1859 827 1906 dicut.

60 1929 121 1986 Quis
137 1930 237 1979 tandem
257 1936 397 1980 sucoeuseat
417 1931 507 1981 milites
533 1943 576 1979 nos
594 1945 656 1989 esse,
674 1944 724 1979 non
744 1942 830 1979 servos

60 1999 174 2050 rastros?
187 2001 218 2049 ad
230 2000 331 2057 bellum,
347 2013 395 2049 uon
411 2002 437 2049 in
451 2001 552 2050 exilium
569 2000 671 2050 missos?
686 2001 708 2049 si
720 2000 776 2061 quis
788 1999 831 2047 det

59 2071 170 2133 signum,
189 2084 216 2119 tn
240 2071 317 2120 aciem
339 2071 436 2128 educat,
460 2080 488 2121 ut
512 2072 573 2121 viris
597 2086 625 2121 ao
651 2071 766 2120 Romanis
791 2070 832 2118 di-

61 2155 142 2202 gnum
158 2140 202 2198 sit,
219 2147 384 2204 pugnaturum
400 2142 421 2190 si
438 2141 501 2190 nihil
523 2143 598 2191 armis
611 2156 674 2203 opus
690 2142 732 2196 sit,
751 2141 831 2189 otium

61 2211 146 2261 Romae
162 2211 246 2274 potius
262 2225 337 2274 quam
351 2211 378 2260 in
392 2211 479 2261 eastris
493 2220 599 2262 acturos.
618 2213 674 2262 ilaec
695 2212 761 2260 dieta
781 2211 832 2259 sint

62 2281 188 2331 Patribus.
207 2280 247 2335 Te.
268 2281 412 2343 imperator,
427 2282 519 2332 milites
536 2283 573 2331 tui
587 2296 697 2338 oramus,
715 2289 742 2330 ut
761 2280 832 2331 nohis

62 2351 189 2414 pugiundi
210 2350 304 2414 copiam
325 2352 407 2402 iacias.
426 2353 506 2408 Quum
523 2351 622 2401 sineere
639 2352 763 2414 cupimus,
777 2358 831 2399 tum

63 2422 160 2471 teduoe
173 2420 282 2477 vincere,
297 2421 342 2470 tibi
360 2422 469 2472 lauream
490 2421 613 2482 insignem
628 2421 733 2479 deferre.
749 2430 831 2472 tecum

63 2491 248 2553 triumphantes
255 2490 343 2541 urbem
351 2491 502 2550 inire‚tuum
511 2491 833 2554 sequentescurrum,ioris

63 2560 156 2625 optimi
167 2561 270 2610 maximi
280 2564 404 2624 templum
412 2568 540 2623 gratantes
551 2568 701 2624 ovantesque
711 2562 780 2612 adire
788 2562 832 2627 (ὅ),

66 2718 278 2765 mentatum
295 2718 437 2762 militem-
463 2717 558 2762 bloet·
572 2717 706 2772 templum...
718 2717 832 2764 adiraon

66 2779 240 2823 tantitatem
247 2779 357 2824 renierma
373 2779 437 2824 t'tdto
463 2780 505 2822 stit
518 2791 562 2835 que
578 2779 598 2821 la
615 2792 692 2834 pompe
703 2780 833 2834 triomphala

66 2842 132 2886 ti'urm
160 2842 257 2885 inaction
278 2841 392 2897 eomplbte.
410 2863 438 2874 -
464 2840 843 2899 eaiteouttutteauttnpitoteetse

49 2964 53 2971 ·
110 2938 237 2987 cosm
757 2931 776 2981 'a
