1904 3216
87 206 90 213 ⁸
131 208 178 258 aid
438 207 598 259 obarmatis

132 321 186 384 rjus
203 320 306 370 auaritia
319 326 363 369 aut
382 321 523 370 temeritate
543 321 634 371 ducum
650 321 733 371 attrita
749 327 795 370 est.
809 321 901 378 Quam-

133 393 218 441 obrem
231 405 281 446 ros,
292 392 383 454 quibus
399 391 512 442 militaris
523 399 582 442 aetas
592 399 639 451 est,
651 392 792 441 adnitimini
802 406 903 442 mecum

132 471 158 514 et
167 465 285 526 capessite
298 464 488 527 rempublicam,
500 477 581 527 neque
593 477 742 526 quemquam
757 479 784 512 ex
799 463 902 512 calami*

132 542 184 585 tate
196 536 303 585 aliorum
321 543 365 584 aut
379 535 560 596 imperaturum
572 533 689 596 superbia
703 541 783 583 metus
797 533 902 596 ceperit.

134 605 235 668 Egomet
244 607 269 654 in
277 607 385 668 agmine,
396 607 422 654 in
434 607 522 668 proelic
529 607 658 656 consultor
665 607 730 656 idem
738 613 763 655 et
770 606 852 656 socius
861 621 904 669 pe·

132 676 204 724 ciculi
217 676 344 725 vobiscum
358 677 441 732 adero,
453 689 541 737 meque
553 689 644 738 vosque
658 679 684 724 in
699 677 816 726 omuibus
826 677 904 726 rebus

130 744 199 806 juxta
217 758 311 806 geram.
332 745 360 793 Et
375 745 485 806 profectu
499 746 538 794 dis
550 746 694 808 juvantibus
705 746 788 795 omnia
804 753 906 795 matura

132 822 201 873 sunt,
215 815 329 872 victoria,
345 816 437 877 praeda,
451 817 520 875 laus;
542 830 598 879 quae
620 817 642 865 si
659 817 736 865 dubia
753 824 796 866 aut
815 817 905 880 procul

74 940 76 945 ,
132 891 222 942 esseut,
237 892 320 935 tamen
333 888 414 935 omnis
424 880 508 936 'bonos
519 886 661 949 reipublicae
680 887 813 936 subvenire
828 886 905 937 dece-

132 956 181 1003 bat.
196 955 293 1004 Etenim
308 969 381 1004 nemo
392 955 492 1018 ignavia
506 955 653 1005 immortalis
668 957 748 1006 iactus
761 965 806 1013 est,
821 969 904 1019 neque

132 1025 266 1086 quisquam
275 1039 362 1087 pareus
373 1025 468 1080 liberis,
478 1025 516 1073 uti
533 1026 620 1074 aeterni
631 1027 721 1084 forent,
736 1025 828 1087 optarit
836 1043 843 1085 ;
852 1039 905 1074 ma·

132 1093 170 1155 gis
182 1094 239 1157 (at),
253 1095 291 1144 uti
300 1096 356 1144 boni
363 1095 509 1156 honestique
519 1096 737 1156 vitamexigerent.
751 1097 825 1145 l’lura
834 1095 905 1146 dice-

131 1177 193 1221 rem,
207 1165 322 1225 Quirites,
336 1166 358 1214 si
373 1164 467 1214 timidis
480 1166 599 1215 rit-tutem
610 1166 684 1215 verba
697 1167 831 1224 adderent3
844 1179 905 1216 nam

132 1239 241 1284 strenuis
252 1236 350 1284 abunde
364 1235 457 1284 dictum
473 1242 541 1297 puto.

503 1376 532 1426 Vl
549 1411 550 1414 ,

130 1501 189 1562 dap.
212 1498 267 1549 102.
286 1499 373 1550 Oratio
390 1500 469 1550 Sullae
485 1500 520 1548 ad
540 1500 661 1548 Roccbum
682 1513 764 1564 repent
785 1497 843 1564 (649
862 1500 902 1561 lt..

420 1569 466 1619 tua
486 1585 524 1620 av.
541 1570 616 1634 a-c.)

152 1687 245 1729 Bacchus.
253 1689 373 1727 lauritaniae
382 1700 424 1735 rex,
432 1690 544 1740 societatem
552 1701 596 1728 cum
609 1691 705 1741 iugurtha
714 1689 793 1727 inierat.
807 1691 831 1728 tt
843 1691 895 1729 duu-

131 1732 168 1784 bus
177 1734 253 1779 proeiiie
259 1734 348 1786 adrensis
354 1733 454 1778 fracturam
464 1736 523 1772 uario
530 1744 567 1782 per
575 1737 650 1786 legatus
659 1735 765 1785 petit-duos
774 1743 833 1791 quem
841 1736 897 1772 iidis-

131 1778 222 1828 simcsuad
229 1788 251 1816 se
263 1781 335 1828 mittat.
345 1779 382 1816 lile
391 1781 410 1816 b.
424 1779 496 1816 sultam
508 1782 528 1816 et
538 1781 563 1816 Δ.
575 1779 664 1830 biaiilrum
672 1790 700 1816 ue
707 1779 769 1829 pubet.
778 1781 839 1820 sudu,
855 1789 896 1832 qun

130 1823 896 1914 baitrai‘tbiittiitiinibittiiiriiittiffl‘⁹³⁰¹⁵¹⁸¹¹⁹¹¹¹⁶¹¹³⁰⁵

248 1892 253 1910 1
540 1904 542 1908 ⁴
669 1895 674 1906 ο

157 1962 197 2006 Les
213 1963 316 2006 Romains
329 1963 403 2006 acient
420 1964 524 2016 avecjoic
534 1962 629 2006 Bacchus
639 1962 780 2006 abandonner
798 1963 819 2006 le
836 1976 903 2008 cause

131 2023 184 2066 d'un
192 2024 292 2067 accierat.
304 2024 332 2066 lls
342 2025 460 2068 cher-chent
469 2025 540 2079 plutdt
549 2024 588 2067 des
597 2025 652 2068 amis
661 2038 704 2080 que
714 2024 752 2068 des
762 2025 867 2068 esclaves.
876 2049 903 2058 —

132 2085 228 2128 L’amitid
236 2086 264 2129 de
274 2086 340 2130 Rome
350 2100 377 2130 ne
387 2094 439 2142 peut
448 2087 512 2130 offrir
521 2100 550 2129 eu
559 2087 592 2130 roi
608 2099 651 2142 que
663 2086 702 2129 des
715 2092 840 2140 avantages,
851 2100 902 2130 sans

129 2148 208 2203 jemais
217 2147 308 2190 devenir
316 2156 413 2203 pesante.
425 2150 470 2199 Qua
480 2161 508 2191 ne
518 2149 592 2191 i'a-t-il
602 2147 697 2203 epi-euve
713 2148 763 2202 pius
775 2150 819 2190 icat
829 2172 857 2180 -
867 2147 900 2190 bu

131 2209 203 2251 mains
210 2208 325 2251 l'occasion
334 2221 357 2251 se
369 2208 469 2263 presente
478 2209 505 2252 de
514 2210 605 2265 reparer
614 2223 653 2252 san
663 2222 748 2261 erreur,
757 2209 812 2265 qu'ii
823 2209 844 2252 la
855 2210 900 2252 sai-

131 2270 193 2312 sisse.
204 2270 271 2313 Romc
282 2282 310 2313 ne
322 2282 346 2313 se
357 2270 422 2313 iaisse
431 2282 469 2326 pas
478 2272 567 2315 vaincre
576 2284 604 2314 en
613 2271 727 2325 bient'aits;
741 2270 838 2314 Bacchus
848 2283 900 2314 con-

131 2334 177 2375 nait
185 2332 206 2374 le
214 2332 307 2387 pauvoir
317 2331 344 2375 de
354 2345 389 2375 ses
399 2345 478 2375 armes.

162 2447 211 2495 Rex
224 2446 328 2504 Bocche,
343 2460 432 2508 magna
445 2447 517 2496 nubis
530 2448 619 2498 laetitia
633 2455 680 2505 est,
691 2462 768 2511 quum
786 2455 810 2496 te
822 2449 901 2497 talem

131 2514 214 2564 virum
229 2514 255 2564 dt
269 2530 395 2574 monuere,
409 2517 448 2566 uti
468 2517 601 2578 aliquando
616 2532 701 2581 pacem
719 2531 791 2580 quam
808 2518 902 2566 bellum

131 2586 225 2641 malles,
236 2599 287 2634 neu
295 2591 519 2648 teoptumumcum
529 2601 643 2649 pessumo
654 2588 767 2637 amnium
776 2587 901 2648 iugurtha

130 2656 256 2705 miscendo
269 2658 476 2715 commaculares3
490 2658 566 2707 simul
582 2658 651 2707 nobis
664 2659 777 2707 demeres
787 2659 901 2707 acerbam

130 2727 346 2786 necessitudinem,
357 2729 452 2788 pariter
458 2734 483 2777 te
495 2735 628 2785 errantem,
639 2727 789 2791 atqueillum
797 2729 901 2778 scelera-

128 2861 257 2918 Piutarque,
268 2864 322 2908 dans
331 2865 351 2908 la
361 2864 399 2908 Vie
413 2865 440 2908 de
458 2865 501 2909 bia·
528 2867 582 2910 dans
591 2867 612 2910 le
625 2878 676 2910 sena
693 2866 720 2910 de
733 2865 820 2923 potius,
831 2874 901 2911 s.·ent

118 2924 179 2976 mus,
198 2927 234 2972 ab.
255 2928 297 2976 7-9.
318 2954 345 2963 -
363 2930 399 2976 21.
419 2929 502 2991 bacis,
531 2930 605 2987 aptat.
