1904 3216
324 223 361 272 tt
377 222 448 272 tttll
463 221 549 272 uano
565 218 627 271 nl.
812 221 860 273 1‘25

87 341 155 402 sunt)
168 339 227 403 plus
240 338 293 402 spei
303 344 389 387 nactos
402 351 467 386 esse.
486 364 517 374 -
534 354 544 382 a
561 339 590 386 lt
598 335 663 385 enim
674 336 747 398 pauci
759 338 858 398 quidem

87 416 155 464 sunt.
169 409 213 458 sed
219 407 427 470 rigentesanimia
435 408 637 469 corporibusque,
653 409 859 470 quorumrohora

88 480 192 530 uenires
201 479 241 529 rix
254 480 427 529 sustineretis
438 476 489 527 ulla
501 477 587 540 possit.
597 493 609 524 o
618 477 727 539 Effigies,
739 477 790 528 imo
800 493 859 528 um·

89 552 143 600 hrae
159 550 298 604 hominum.
319 549 393 605 lame,
411 549 515 610 frigore,
531 547 626 606 illuvie,
642 549 755 610 squalore
769 550 860 607 enecti,

88 621 187 670 contusi
196 633 225 668 ao
231 618 354 668 debilitati
363 617 430 668 inter
438 632 496 667 saxa
504 631 642 681 rupesque;
651 618 682 667 ad
689 619 746 675 hoo,
757 619 862 682 praeusti

90 696 162 740 artus
179 689 222 753 (l),
247 689 302 738 nive
323 689 433 751 rigentes
456 688 535 744 nervi,
552 689 665 738 membra
681 689 778 738 torrida
793 691 859 752 gelu,

91 765 210 823 quassata
227 759 354 822 tractaque
365 771 442 813 uma.
455 758 536 807 claudi
553 771 582 806 ac
592 758 687 808 debiles
707 759 778 823 equi.
802 761 863 809 Cum

90 833 140 880 hoe
153 830 247 894 equite,
261 843 319 880 cum
331 832 380 880 hoo
396 829 479 892 pedite
498 831 634 892 pugnaturi
651 831 711 880 estio
721 845 728 879 :
740 830 862 890 reliquias

93 902 217 945 extremas
225 897 344 953 hostium.
356 911 407 946 non
417 901 516 949 hostem
527 902 659 952 hahebitis.
669 901 701 951 alc
710 901 775 952 nihil
783 901 865 964 magis

92 979 182 1015 vereor
204 979 281 1030 quam
301 981 333 1016 ue
353 967 404 1023 eui.
425 983 468 1019 ros
486 984 564 1034 quum
587 972 765 1034 pugnaveritis,
792 972 865 1032 hlpea

90 1037 179 1087 uicisse
196 1038 355 1087 Hannibalem
375 1038 515 1088 rideantur.
531 1039 577 1088 Sed
599 1040 633 1089 ita
652 1041 756 1090 forsitan
768 1043 857 1099 decuit,

89 1121 149 1157 oum
160 1108 281 1158 l'oederum
293 1115 397 1172 ruptore
407 1110 469 1158 duee
481 1124 511 1158 ac
523 1111 624 1173 populo,
641 1111 700 1161 deos
716 1112 790 1174 ipsos,
806 1113 862 1162 sine

90 1177 144 1226 ulla
156 1179 265 1227 humana
276 1193 332 1241 ope,
343 1179 497 1229 committere
508 1194 536 1230 ao
549 1180 683 1243 profligare
695 1183 801 1241 bellum;
814 1196 859 1232 nos

91 1247 207 1313 [autem],
223 1249 267 1312 qui
276 1250 412 1300 secuudum
426 1250 458 1313 (5)
470 1250 529 1300 deos
542 1251 628 1300 violati
639 1265 735 1308 sumus,
744 1255 862 1302 commis-

89 1331 148 1368 sum
158 1332 187 1368 ao
201 1319 495 1382 pmlligatumconfieere.

122 1389 175 1438 llon
188 1404 275 1440 vereor
285 1405 317 1440 ne
328 1391 386 1454 quis
403 1405 444 1441 me
452 1392 514 1449 haec,
526 1391 603 1440 restri
617 1392 763 1442 adhortandi
775 1406 860 1450 eausa,

89 1461 221 1521 magnifiee
233 1461 302 1524 loqui
318 1461 450 1518 existimet,
462 1459 545 1522 ipsum
561 1461 634 1509 aliter
647 1463 731 1510 animo
744 1462 862 1514 affectum
944 1474 948 1481 '

90 1545 155 1581 esse.
163 1530 275 1582 licuitiu
282 1533 422 1595 Hispaniam
432 1531 584 1594 provinciam
593 1545 683 1590 meam,
691 1532 860 1597 quojampro-

90 1605 172 1654 fectus
180 1618 259 1662 aram,
271 1618 327 1654 eum
342 1603 450 1653 exercitu
461 1605 498 1651 ire
509 1617 571 1660 meo,
579 1603 623 1652 uhi
634 1610 660 1654 et
670 1605 775 1654 tratrem
781 1606 862 1657 eonsi-

90 1674 122 1724 lii
132 1674 279 1737 participem
296 1689 324 1723 ae
335 1664 440 1736 periculi
453 1673 549 1722 socium
560 1675 686 1732 haberem,
694 1681 719 1725 et
725 1676 863 1727 Hasdruba-

91 1745 142 1795 lem
149 1744 235 1807 potius
249 1758 323 1807 quam
337 1742 496 1792 hannibalem
509 1743 616 1802 hostem,
628 1751 653 1793 et
663 1745 784 1795 minorem
795 1747 862 1796 haud

91 1815 266 1865 dubiemolem
276 1813 345 1864 helli.
359 1815 447 1863 lamen
460 1827 538 1875 quum
550 1816 745 1876 praeterveherer
759 1817 864 1866 navibus

92 1886 176 1936 (talliae
186 1900 264 1943 oram,
274 1885 305 1934 ad
315 1884 406 1933 samam
416 1884 493 1945 hujus
504 1884 582 1934 hostis
594 1884 620 1933 in
633 1890 727 1935 terram
737 1900 863 1948 egressus,

91 1956 222 2018 praemisso
231 1956 353 2018 equitatu,
365 1954 396 2002 ad
406 1953 550 2003 Rhodanum
559 1953 626 2003 movi
640 1961 720 2004 eastra
733 1968 739 2002 :
752 1955 862 2016 equestri

91 2026 192 2090 proelio,
207 2039 255 2088 qua
265 2031 337 2089 purte
347 2024 477 2094 copiarum
492 2025 637 2074 conserendi
652 2039 754 2074 manum
765 2026 863 2074 fortuna

92 2099 151 2147 data
164 2102 213 2154 eat,
222 2097 318 2146 hostem
328 2095 396 2153 ludi;
408 2095 520 2156 peditum
529 2108 625 2156 agrurn,
638 2095 706 2158 quod
720 2096 747 2144 in
761 2096 863 2144 modum

95 2263 213 2318 (haduiser
228 2276 234 2304 τ
250 2262 308 2306 deux
320 2262 383 2315 tiens)
397 2261 466 2304 omia
493 2266 533 2311 ost,
543 2262 732 2316 etproconnattra
747 2273 779 2303 un
791 2272 865 2303 exem-

93 2326 134 2368 tis.
164 2324 284 2373 Rubenius,
319 2323 407 2366 Gravior
445 2326 467 2363 et
494 2322 528 2376 ple
541 2321 569 2363 da
582 2334 618 2364 ces
633 2323 796 2365 inadvertonees
812 2334 865 2363 aux-

93 2387 123 2431 tt.
148 2387 231 2431 lleudet
256 2386 350 2429 eliaoent
375 2384 397 2427 la
421 2391 468 2426 mot
493 2383 578 2440 quelles
587 2384 707 2437 e'expnsent
716 2389 765 2426 tous
774 2383 807 2426 les
815 2395 865 2426 ora-

91 2461 177 2507 pane:
187 2461 211 2491 oa
220 2449 259 2504 qui
274 2446 327 2490 rand
341 2451 402 2490 tonte
411 2451 466 2487 caue
494 2453 553 2488 teurs
566 2446 604 2500 qul
618 2445 762 2488 ret-herebant
772 2445 865 2499 l'ampli·

94 2511 225 2569 par-entheae
233 2509 379 2565 insignillante
388 2512 409 2550 at
418 2507 467 2549 inu-
494 2510 580 2553 tloatiou
589 2515 611 2551 et
624 2509 645 2552 le
661 2509 738 2564 pathos
752 2522 781 2552 au
790 2509 865 2565 proju-

94 2573 226 2618 thesmuth
238 2572 311 2615 l'avait
323 2571 380 2614 senti
391 2581 397 2612 :
409 2569 468 2610 ‹To-
494 2571 542 2613 dica
550 2570 578 2612 da
592 2570 612 2612 la
625 2569 694 2612 verite
711 2570 796 2625 simple.
806 2594 833 2602 -
842 2572 862 2614 t.

94 2635 318 2691 taharoparenthesis
327 2633 404 2689 (dit-il)
412 2632 467 2674 mihi
494 2631 592 2676 Praeusti
618 2631 658 2687 (les
682 2631 804 2676 conciones
827 2641 864 2676 out

94 2703 195 2753 suspecta
214 2703 255 2748 est,
278 2694 406 2750 glossatoris
423 2704 469 2734 ma·
494 2693 597 2737 conserva
619 2694 639 2736 la
665 2695 775 2738 mauvaise
802 2696 864 2748 leqon

94 2772 148 2804 num
165 2759 305 2802 redolens.»
327 2755 379 2798 lais
400 2766 429 2796 en
447 2753 467 2795 la
491 2754 591 2812 perusti)
615 2758 690 2799 ortae.
722 2754 754 2799 0n
777 2760 864 2800 connati

93 2822 243 2873 attrachunt,
252 2816 469 2864 onaletruitlenom·
494 2819 589 2874 l'omploi
598 2819 627 2863 du
643 2820 709 2864 verbe
724 2832 793 2863 arere
810 2832 866 2875 pour

94 2885 171 2930 heda
187 2884 209 2927 la
222 2883 320 2940 periodo.
329 2881 348 2924 ll
357 2880 404 2923 taut
412 2879 468 2921 done
493 2881 597 2940 indiquer
605 2882 641 2928 les
653 2883 721 2930 elteta
731 2882 843 2929 nullate.
852 2904 879 2912 -

95 2950 172 2996 latam
186 2948 207 2993 la
219 2948 300 3005 plinta
316 2945 367 2991 tolle
383 2942 466 3002 qu’olle
490 2946 512 2992 5.
523 2946 671 3006 mudum.
684 2962 744 3009 pour
753 2947 819 3007 post.
