1904 3216
402 154 440 203 EX
456 154 527 205 lilii
541 152 627 204 lituo
644 155 715 206 xtrr.
899 160 943 210 143

169 264 280 318 redituri
290 267 349 317 estis
361 281 399 325 eo,
416 275 481 317 unde
499 267 596 330 ignaria
607 274 651 317 aut
669 269 780 332 nequitia
797 270 938 323 abistis‘lP.

81 324 85 391 J
169 338 346 400 Sempronium
359 338 436 387 civem
447 345 557 387 vestrum
576 351 625 386 uon
649 339 754 388 audistis
765 354 834 390 arma
848 355 940 404 capere

80 440 84 451 .
168 420 200 457 ac
212 408 285 470 sequi
296 407 458 466 sejubeutem
472 421 478 454 :
490 407 651 456 Hannibalem
665 415 720 470 post
735 410 819 472 paullo
836 412 940 463 audistis

168 485 252 528 castra
259 478 331 542 prodi
338 485 363 528 et
373 492 442 527 arma
451 477 516 526 tradi
524 477 662 540 jubentem.
673 479 751 550 Quarn
759 494 805 542 ego
815 481 939 543 ignauiam

167 548 277 599 istorum
300 561 396 604 accuso,
418 561 496 609 quum
516 550 598 598 scelus
618 548 711 609 possim
728 552 867 600 accusare?
886 553 938 603 lion

166 617 238 667 euim
250 618 324 668 modo
338 617 409 679 sequi
422 624 568 666 recusarunt
586 618 649 667 bene
669 626 819 676 monentem,
836 622 880 671 sed
896 623 939 673 ol)-

76 720 80 745 ,
166 688 257 738 sistere
267 702 297 738 ac
309 689 417 738 retinere
427 688 509 737 curiati
521 695 588 745 suut,
598 688 624 737 ni
632 688 726 738 strictis
735 690 822 751 gladiis
830 692 876 740 viri
887 693 939 742 lor-

74 756 79 785 ⁵
166 757 260 807 tissimi
274 759 368 808 inertes
379 757 569 807 summovisseut
583 770 590 806 t
604 757 683 820 prius,
698 758 807 821 inquam,
823 761 851 812 P.
868 761 938 810 Sem-

167 828 257 892 pronio
268 843 314 892 per
324 830 416 879 civium
426 841 513 890 agmen
528 840 604 889 quam
613 842 657 890 per
669 829 778 879 hostium
792 830 840 880 luit
852 845 938 882 erum-

165 901 288 962 penam
305 900 354 950 llos
366 899 431 949 cives
445 898 523 960 patria
541 899 681 948 desideret?
695 913 802 962 quorum
817 903 839 950 si
860 905 937 952 ceteri

99 1010 102 1021 .
164 970 261 1021 similes
267 971 381 1027 fuissent,
390 971 516 1020 neminem
524 969 598 1018 hodic
609 984 639 1018 ex
647 970 679 1019 iis
691 970 736 1034 qui
747 973 777 1020 ad
790 973 882 1024 Cannas
891 988 938 1038 pu·

164 1049 304 1105 macerant
317 1043 396 1093 civern
412 1043 523 1090 liaberet.

194 1113 230 1163 lix
238 1112 351 1163 millibus
358 1119 451 1174 septeni
460 1118 611 1160 armatorum
619 1111 726 1161 sexcenti
736 1114 882 1163 exstiterunt
893 1118 936 1178 qui

162 1182 434 1245 erumpereaudereut,
449 1182 492 1242 qui
511 1180 539 1229 in
551 1181 657 1241 patriam
672 1181 746 1230 liberi
758 1190 833 1245 atque
845 1188 935 1236 armati

161 1253 290 1311 redirent;
299 1266 380 1315 neque
390 1252 421 1301 iis
432 1258 544 1301 sexcenta
554 1251 585 1313 (ll
598 1251 676 1300 millia
685 1252 794 1301 hostium
803 1243 933 1306 'obstitere

161 1323 243 1381 Quam
255 1330 340 1373 tutum
348 1323 398 1372 iter
410 1323 516 1372 duarum
527 1335 604 1384 prope
621 1322 749 1381 legionum
760 1324 853 1384 agmini
863 1326 935 1375 lutu-

160 1406 220 1443 ruru
234 1392 339 1443 censetis
351 1391 444 1441 luisse?
463 1391 589 1439 Haberetis
605 1390 678 1440 hodie
691 1392 779 1451 viginti
794 1392 873 1441 millia
891 1408 935 1444 ar-

160 1472 287 1513 matorum
297 1462 406 1519 Canusii,
420 1460 503 1515 sortia,
512 1461 604 1516 fidelia,
615 1461 699 1509 Patres
708 1461 854 1517 conscripti.
865 1463 935 1515 dunc

159 1539 254 1591 autera,
272 1531 479 1595 quemadmodum
500 1530 526 1580 lai
550 1530 610 1579 boni
625 1530 763 1593 fidelesque
775 1532 842 1594 (nam
857 1533 933 1585 sortes

158 1616 192 1653 ue
207 1602 258 1666 ipsi
269 1602 371 1665 quidem
386 1601 503 1663 dixerint)
519 1600 586 1650 cives
606 1615 660 1650 esse
676 1601 795 1664 possunt?
811 1603 860 1653 nisi
875 1604 932 1666 quis

158 1674 262 1724 “odae
275 1680 355 1734 potest
366 1673 442 1722 luisse
458 1671 502 1733 (5),
515 1679 545 1720 ut
557 1673 754 1734 erumpentibus,
768 1674 830 1736 quin
845 1688 932 1724 erum-

157 1752 257 1807 petent,
268 1742 387 1790 obsistere
398 1740 479 1790 conati
489 1749 560 1798 suut;
571 1749 614 1790 aut
623 1756 673 1790 uon
682 1742 792 1792 inridere
801 1757 843 1793 eos
853 1758 931 1806 quuru

157 1813 334 1868 incolumitati,
352 1820 405 1861 tum
421 1811 507 1874 gloriae
523 1811 624 1860 illorum
637 1826 682 1874 per
702 1813 819 1862 virtutem
841 1822 928 1877 partu,

156 1898 238 1948 quum
247 1883 296 1933 sibi
305 1883 421 1931 timorem
435 1881 608 1944 ignaviamque
621 1882 748 1931 seruitutis
759 1883 929 1945 ignominiosae

156 1968 259 2006 oausam
270 1967 320 2003 esse
332 1952 421 2002 sciant.
431 1952 568 2001 llaluerunt
577 1952 603 2001 in
616 1952 728 2002 tentoriis
738 1954 843 2003 latentes
854 1954 936 2023 simul¹

158 2028 241 2077 lucem
264 2032 339 2086 atque
359 2024 456 2073 hostem
472 2031 621 2085 exspectare,
642 2036 721 2086 quum
737 2024 833 2074 silentio
849 2026 928 2075 noctis

156 2094 307 2159 emmpendi
323 2095 417 2144 occasio
428 2101 501 2142 esset.
518 2094 552 2142 ld
569 2095 747 2157 erumpendum
760 2095 791 2158 [6)
811 2098 928 2144 ecastris

155 2164 238 2217 defuit
248 2162 358 2222 animus;
371 2162 402 2211 ad
415 2162 518 2211 tutanda
531 2161 629 2211 lortitcr
650 2170 729 2212 castra
752 2164 863 2212 animum
882 2166 930 2213 lra-

155 2237 276 2287 buerunt.
285 2235 341 2283 llies
356 2241 490 2295 noctesque
502 2233 599 2295 aliquot
610 2234 713 2292 obsessi,
728 2233 822 2283 vallum
841 2236 926 2293 armis,

155 2410 182 2420 -
190 2386 214 2431 ι’
222 2386 348 2432 Sescenta,
358 2383 412 2426 dans
427 2383 448 2425 la
461 2383 529 2438 signi-
555 2391 588 2427 est
597 2386 639 2427 mis
649 2397 705 2439 pour
711 2398 782 2440 qutun
787 2398 815 2429 ou
825 2387 926 2443 quondo.

155 2448 244 2491 doadou
270 2444 467 2497 d'inaombrablcs,
494 2445 529 2487 re-
555 2446 926 2504 -6..lderumpeudamjusqu'i

155 2507 342 2565 pandaeeeceuti
352 2506 412 2562 place
420 2507 469 2562 plus
477 2507 530 2550 haut
555 2507 629 2550 arinis
645 2507 702 2551 uicti
719 2511 791 2551 aaut:
809 2509 925 2564 repetition

154 2570 209 2613 daus
217 2582 257 2613 son
267 2581 318 2613 aeas
326 2580 413 2625 propre.
425 2567 485 2610 'l'elle
494 2574 528 2610 est
554 2569 654 2624 irouique
662 2569 691 2612 du
700 2569 755 2612 rdcit
762 2572 788 2614 de
797 2571 924 2615 laniasti-s

155 2630 247 2683 lelecon
255 2630 283 2674 de
292 2637 342 2673 tous
350 2630 382 2673 les
389 2630 526 2672 manuscrits.
554 2628 646 2672 dditions
659 2636 761 2684 portent:
777 2632 806 2675 At
815 2632 877 2675 enim
894 2633 926 2675 nd

155 2691 321 2748 Quadraqinla
335 2698 369 2735 est
383 2703 427 2735 une
443 2691 528 2745 coniec-
554 2704 660 2747 eracmp...
677 2705 729 2736 avec
745 2693 849 2736 insertion
866 2694 923 2736 ariri-

153 2754 239 2797 turede
248 2751 432 2796 Sabellicus-5.
442 2751 528 2802 Fuisse,
556 2753 622 2794 unire
638 2752 665 2795 de
681 2752 737 2796 deux
751 2754 875 2808 particules,
885 2755 922 2809 qui

154 2823 228 2859 mat.
250 2815 349 2860 denotet
367 2814 447 2869 fideles
471 2817 527 2865 tum,
555 2812 674 2868 cruendaut
691 2814 816 2871 expliqucnt
837 2815 887 2857 bieu
903 2815 923 2858 le

156 2890 252 2934 ῃιιηι...
262 2889 300 2920 car
308 2879 335 2920 tet
348 2890 401 2919 avec
416 2876 531 2920 l'iadicatil
554 2887 606 2918 scus
615 2876 642 2918 de
652 2875 752 2919 l'auteur.
