1904 3216
116 187 162 238 aaa
265 152 268 159 ⁴
419 187 581 240 ouanouus

117 311 200 356 d'uroir
213 324 298 356 suracn
310 313 375 357 ordre
387 308 477 356 amachi
491 313 528 357 dea
544 311 647 368 proteges
657 312 670 354 d
680 311 800 369 Olympiaci
809 310 896 365 tlon,ll

118 375 217 430 apaisara
228 373 300 431 plutdt
313 376 334 418 la
344 372 454 418 courroux
466 374 494 418 da
506 387 529 418 aa
538 375 608 418 mere.

150 492 342 556 Qualiscumque
364 493 444 543 exitus
461 507 508 544 nos
532 498 627 556 manet,
647 494 711 552 Rex,
730 492 895 555 confitemur,

117 576 266 628 prosperum
277 561 412 627 [eventum]
425 563 472 613 tibi
485 564 621 625 debiturus,
628 563 772 613 *mistionem
780 563 898 614 fortunae

118 636 295 694 amputaturos.
306 632 363 682 Sine
373 631 518 694 praejudicio
528 632 562 696 (l)
572 632 680 682 dicimus
688 646 789 684 causam
801 633 896 684 liberis

119 702 266 766 corporibus
277 702 425 766 animisque.
443 703 559 754 llabitum
571 703 654 762 etiam,
674 703 764 768 inquo
777 710 803 754 te
815 705 897 755 comi·

121 774 169 823 tari
181 774 297 828 solemus,
309 772 449 822 reddidisti.
466 774 570 824 Causam
582 788 634 824 non
651 787 792 838 possumus,
811 775 898 826 fortu-

119 856 177 892 nam
189 842 280 890 timere
287 841 435 892 desinemus.
447 842 479 892 l'c
488 856 579 906 quaeso,
589 843 720 907 permittas
727 842 792 892 mihi
803 843 831 894 id
838 844 897 907 pri·

118 927 188 962 mum
202 912 342 972 defendere,
360 913 426 975 quod
441 928 455 961 a
471 919 496 962 te
511 914 629 965 ultimum
637 914 761 976 obJ'ectum
774 919 824 963 est.
834 915 895 972 llos,

119 984 177 1040 Iler,
189 982 312 1032 sermonis
322 983 439 1031 aduersus
450 982 604 1045 majestatem
619 988 689 1032 tuam
702 981 782 1031 hahiti
794 983 895 1033 nullius

120 1055 213 1105 conscii
224 1068 311 1104 sumus
317 1053 397 1103 nobis.
406 1052 520 1103 Dicerem
525 1055 577 1117 jam
583 1053 680 1116 pridem
690 1052 779 1102 uicisse
788 1058 815 1102 te
827 1053 896 1103 iuvi·

120 1126 196 1182 diam,
210 1124 410 1188 niaipericulum
419 1129 522 1173 essetne
532 1123 579 1173 alia
587 1122 723 1185 malignius
733 1122 800 1171 dicta
807 1123 897 1173 crede·

120 1211 161 1253 res
168 1196 257 1246 blanda
267 1194 500 1257 orationepurgari.
512 1195 634 1252 Ceterum,
644 1193 742 1242 etiamsi
752 1193 845 1243 militis
853 1194 895 1244 tui

120 1268 159 1317 vel
168 1266 196 1315 in
201 1265 299 1327 agmine
308 1264 445 1314 deficientis
456 1269 482 1313 et
489 1263 596 1327 fatigati,
603 1265 642 1314 vel
651 1263 679 1313 in
688 1263 896 1326 aciepericlitan-

120 1338 163 1394 tis,
174 1336 213 1386 vel
227 1336 255 1385 in
273 1335 431 1385 tabernaculo
447 1335 508 1396 aegri
522 1335 658 1385 etvulncra
676 1333 896 1397 amentiamque

119 1420 166 1457 uox
177 1406 289 1469 asperior
300 1412 363 1455 esset
375 1410 483 1465 accepta,
493 1417 667 1454 merueramus
682 1403 789 1452 fortibus
806 1404 893 1465 factis,

120 1484 149 1526 ut
153 1478 240 1526 malles
245 1475 384 1538 eatempori
389 1481 474 1524 nostro
479 1475 613 1537 imputare,
623 1487 699 1538 quam
706 1474 799 1523 animo.
808 1475 896 1532 Quum

121 1546 182 1609 quid
190 1546 281 1596 accidit
294 1546 402 1602 tristius,
412 1559 497 1595 omnes
508 1546 546 1594 rei
556 1551 629 1596 sunt:
642 1545 788 1608 corporibus
797 1547 895 1597 nostris

121 1630 177 1679 quae
195 1617 284 1678 utique
302 1630 353 1665 non
364 1616 470 1673 odimus,
492 1616 595 1666 infestas
610 1615 767 1666 admovemus
784 1630 892 1667 manus:

121 1692 235 1748 parentes
247 1685 335 1735 liberis
350 1685 371 1734 si
387 1693 528 1743 occurrant,
539 1692 564 1737 et
576 1685 670 1749 ingrati
684 1693 710 1736 et
726 1686 801 1736 inuisi
821 1694 892 1736 sunt.

122 1756 212 1804 Contra
228 1768 305 1818 quum
324 1755 395 1805 donis
415 1756 578 1814 honoramur,
592 1770 670 1819 quum
682 1756 794 1820 praemiis
805 1758 894 1807 onusti

122 1825 283 1885 revertimur,
296 1825 353 1887 quis
364 1826 432 1874 ferre
442 1839 486 1874 nos
497 1827 592 1887 potest?
601 1827 658 1890 quis
667 1827 736 1877 illam
747 1825 895 1876 enimcum

124 1894 277 1943 alacritatem
297 1893 442 1944 continere?
463 1895 678 1954 llilitantiumnec
689 1895 828 1957 indignatio
844 1909 894 1945 nec

123 1965 210 2014 laetitia
228 1964 355 2014 moderata
366 1970 420 2014 est:
442 1964 473 2013 ad
486 1979 573 2015 omnes
590 1966 696 2016 allectus
712 1966 808 2029 impetu
824 1967 894 2029 rapi-

123 2050 190 2093 mur,
201 2035 379 2098 vituperamus,
389 2034 526 2093 laudamus,
535 2036 694 2094 miseremur,
702 2036 842 2093 irascimun,
852 2042 893 2086 ut·

124 2119 230 2168 cumque
240 2120 348 2168 praesens
359 2105 435 2155 mouit
451 2105 567 2155 allectio:
581 2107 653 2155 modo
668 2107 763 2157 ludiam
777 2106 847 2156 adire
864 2113 893 2158 et

124 2174 248 2224 Oceanum
259 2174 328 2234 libet,
339 2175 411 2224 modo
423 2174 558 2237 conjugum
570 2181 595 2224 et
606 2176 743 2226 liberorum
753 2175 892 2239 patriaeque

149 2344 218 2389 xvlll.
237 2349 256 2390 l.
276 2347 330 2391 Sine
345 2348 493 2406 prejudicio.
521 2348 798 2406 tzrraejncdietorumuia
814 2350 892 2396 omnic

36 2416 38 2421 ·
124 2406 494 2468 Lemotpraejudiciums'cxplique
522 2412 890 2469 tribuainpeneribuavcraotur:

124 2469 153 2512 ici
172 2470 395 2515 tres-naturallemeat
417 2485 422 2515 ι
444 2486 494 2516 sans
521 2473 589 2517 relus
603 2486 653 2530 qum
668 2473 798 2530 aliquando
808 2485 837 2517 cn
849 2486 893 2530 po·

125 2543 168 2586 que
175 2543 231 2574 nous
238 2533 384 2588 croyionsque
391 2540 453 2578 notre
458 2536 495 2589 Ju-
521 2535 587 2579 ribus
608 2537 684 2579 causis
699 2539 754 2580 aunt
768 2534 891 2592 judicate,

125 2596 264 2648 gementsoit
272 2595 334 2650 porto
347 2594 450 2639 d'auance
460 2598 493 2651 (cc
521 2609 570 2653 quae
582 2613 592 2635 a
604 2597 709 2654 exemplo
724 2613 734 2636 ι
752 2597 840 2640 rectius
855 2598 894 2642 di·

125 2661 163 2714 qui
179 2660 243 2702 serait
259 2660 286 2703 de
303 2665 366 2704 notre
382 2661 494 2716 plaidoper
520 2663 647 2713 contum...
668 2659 770 2704 tudiciis
795 2660 827 2704 ad
849 2661 893 2718 ip-

125 2735 168 2764 une
189 2722 259 2765 iorme
277 2725 341 2768 vaine
356 2729 378 2767 et
394 2723 492 2778 inutile).
520 2735 570 2765 aum
591 2733 686 2767 caucum
706 2722 893 2780 pertinentibus,

123 2782 181 2826 C'est
198 2797 229 2826 un
249 2791 318 2828 terme
342 2786 368 2828 de
384 2785 495 2840 jurispru-
521 2783 583 2828 unde
599 2785 671 2828 etiam
694 2797 776 2829 nomen
797 2783 895 2828 ductum

126 2844 194 2888 donce
213 2846 265 2888 dont
293 2846 412 2896 Quintilian
438 2859 496 2890 nous
523 2847 597 2895 ests...
616 2845 660 2888 Aut
679 2858 750 2902 ᾳιιιιηι
765 2845 796 2889 dc
812 2845 893 2890 codem

121 2906 293 2970 offrel'anolyac
310 2907 497 2964 suivante.¹i,clu.
524 2918 595 2950 cauco
613 2909 792 2976 pronuntiatum
807 2910 850 2951 eat.
868 2929 894 2940 -
