1904 3216
135 192 182 241 aaa
261 169 264 174 ’
441 193 602 242 omrlonas

63 358 65 362 .
136 306 263 357 elliberos
278 305 415 356 Germanici
435 311 515 356 etnos
534 312 647 369 parentes
658 305 734 369 justis
742 305 840 355 solatiis
857 309 915 355 alli-

136 378 199 427 cite:
208 377 402 437 simulqneillud
408 382 531 438 reputate,
544 375 644 424 turbide
658 375 808 424 etseditiose
818 382 913 426 tracta·

135 447 201 496 verit
211 446 334 495 exercitus
349 445 414 502 Piso,
429 444 533 507 quaesita
545 445 596 494 sint
612 458 656 506 per
671 444 836 494 ambitionem
855 452 914 496 stu-

136 518 174 566 dia
185 518 305 574 militum,
324 517 401 565 armis
419 517 525 578 repetita
538 515 675 578 provincia,
692 529 724 564 au
735 516 797 565 falsa
812 515 868 566 haec
886 517 912 566 in

136 586 217 648 majus
227 585 384 646 vulgaverint
394 591 547 634 accusatores
556 601 562 643 ;
574 598 681 646 quorum
699 597 745 645 ego
759 585 849 635 nimiis
859 592 913 636 stu-

136 657 186 705 diis
200 657 260 719 J'ure
277 669 416 705 succenseo.
431 654 492 704 Nam
507 668 556 718 quo
570 654 695 717 pertinuit
710 654 806 703 nudare
819 668 913 717 corpus

45 748 65 779 ·,
137 735 163 777 et
182 728 386 777 contrectandum
406 727 476 789 vulgi
495 726 574 776 oculis
592 726 746 788 permittere,
760 724 914 788 differrique

136 799 211 847 etiam
218 803 393 859 perexternos,
401 803 519 859 tanquam
528 810 621 845 veneno
634 796 786 857 interceptus
800 804 878 852 esset,
890 799 912 846 si

108 865 110 870 ’
136 867 238 918 incerta
252 869 334 917 adhuc
349 868 397 917 ista
422 874 448 916 et
462 865 596 916 scrutanda
610 866 686 916 sunt?
698 866 778 916 llebeo
791 868 913 929 equidem

137 940 218 988 lilium
226 950 319 996 meum,
327 951 475 1002 semperque
484 938 578 986 dellebo
587 952 593 984 :
602 937 645 985 sed
652 950 733 998 neque
739 951 812 986 reum
821 939 914 1000 probi-

135 1006 914 1071 beoquominuscunctaproleratquibusinnocentiaejussub

136 1079 223 1135 levari,
231 1085 284 1136 aut,
292 1079 314 1127 si
322 1092 370 1140 qua
379 1076 430 1126 luit
444 1077 565 1139 iniquitas
575 1076 724 1133 Germanici,
736 1077 838 1138 coargui
853 1092 915 1141 pos-

136 1149 183 1208 sit;
199 1162 291 1211 vosque
302 1162 346 1198 oro
356 1162 397 1203 ne,
414 1147 473 1210 quia
488 1146 569 1195 dolori
582 1160 637 1196 meo
652 1160 727 1195 causa
738 1160 849 1196 connexa
863 1157 912 1206 est,

137 1219 397 1282 obJ'ectacriminapro
405 1216 690 1281 approbatisaccipiatis.
700 1216 727 1264 Si
741 1229 802 1278 quos
808 1220 914 1283 propin-

137 1305 203 1353 quus
213 1291 315 1352 sanguis
322 1295 367 1339 aut
372 1289 434 1337 fides
440 1301 485 1337 sua
494 1293 612 1350 patronos
624 1287 701 1344 dedit,
712 1293 836 1347 quantum
843 1290 914 1351 quis-

136 1374 184 1422 que
197 1359 340 1421 eloquentia
355 1366 454 1408 etcura
478 1358 548 1415 valet,
562 1356 647 1418 jurate
660 1356 856 1418 periclitantem.
877 1362 912 1411 Ad

59 1434 62 1440 ’
137 1431 243 1479 eundem
253 1430 371 1485 laborem,
386 1429 489 1477 eandem
500 1427 663 1486 constantiam
675 1433 832 1476 accusatores
850 1430 913 1480 hor-

137 1507 195 1549 tor:
218 1499 244 1548 id
256 1501 337 1549 solum
359 1498 501 1547 Germanico
522 1511 597 1559 super
618 1498 687 1558 leges
704 1497 912 1560 praestiterimus,

137 1572 205 1634 quod
212 1572 238 1620 in
249 1571 319 1621 curia
333 1571 504 1634 potiusquam
518 1571 544 1618 in
557 1571 619 1620 loro.
632 1571 698 1632 apud
710 1576 823 1620 senatum
835 1587 913 1633 quam

138 1643 202 1704 apud
207 1642 304 1704 judices
319 1643 350 1690 de
361 1647 442 1690 morte
457 1639 510 1702 ejus
522 1639 676 1702 anquiritur,
693 1646 774 1689 cetera
788 1655 845 1703 pari
860 1656 915 1694 mc

138 1713 217 1763 destia
233 1720 382 1763 tractentur.
398 1714 473 1762 Nemo
484 1712 558 1761 llrusi
577 1712 701 1769 lacrimas,
720 1725 793 1760 nemo
813 1715 915 1765 moesti-

137 1782 393 1845 tiammeamspeotet,
400 1783 530 1844 necsiqua
538 1782 614 1831 innos
621 1782 722 1830 adversa
729 1780 912 1845 (bllinguntur.

500 1969 548 2018 xlv

210 2108 266 2171 Cap.
283 2109 322 2157 ll.
336 2107 446 2168 Quereloe
458 2107 545 2170 optimi
561 2107 680 2171 cujusque
689 2107 717 2154 in
730 2106 836 2156 Liuiam.

161 2235 205 2272 Piso
215 2243 249 2270 ona
263 2244 326 2271 mann.
339 2234 369 2270 vel
382 2233 469 2270 immisso
480 2243 491 2269 a
503 2231 580 2270 Tiberio
589 2240 713 2282 percussore.
721 2231 805 2270 ceciditr
818 2233 914 2276 Plancina

140 2281 223 2315 secretis
231 2281 323 2327 airprstae
339 2278 431 2325 precibus
439 2279 519 2327 'veniam
529 2277 622 2314 obtinuit.
632 2277 694 2321 Igitur
703 2287 765 2324 quum
773 2277 867 2317 Tiberius
876 2292 915 2336 pro

140 2323 229 2359 Plancina
240 2333 258 2358 m
272 2327 339 2359 senatu
356 2322 459 2361 disseruit,
469 2320 538 2358 matris
547 2330 615 2370 preces
624 2321 738 2365 obtendens,
747 2321 767 2357 in
782 2331 827 2360 eam
840 2328 914 2371 optimi

140 2367 233 2414 colusque
243 2370 325 2414 questus
335 2366 476 2402 ardescebant:

170 2474 197 2521 ld
207 2487 266 2535 ergo
279 2475 315 2521 las
332 2473 400 2528 avite,
421 2473 612 2521 interfectricem
624 2471 723 2532 nepotis
737 2471 859 2533 aspicere,
877 2477 916 2524 al-

139 2545 216 2606 loqui,
232 2544 330 2606 eripere
345 2542 456 2592 senatui!
474 2541 542 2605 quod
553 2555 598 2603 pro
608 2540 723 2590 omnibus
737 2539 832 2589 civibus
842 2541 914 2606 leges

139 2617 273 2672 obtineant,
284 2615 328 2663 uni
344 2613 488 2662 Germanico
499 2626 548 2661 non
560 2611 706 2672 contigisse!
722 2610 815 2659 llilellii
826 2618 852 2660 et
864 2613 915 2664 Ve-

140 2686 205 2734 ranii
214 2685 248 2748 ll)
258 2699 316 2733 voce
333 2684 448 2733 defletum
465 2682 599 2731 Caesarem:
614 2682 645 2730 ab
660 2680 811 2742 Imperatore
822 2687 848 2730 et
860 2683 914 2733 Au-

140 2873 167 2881 -
190 2850 210 2892 5.
235 2850 351 2892 Adversa.
374 2849 411 2891 des
440 2847 511 2890 bruits
537 2847 593 2890 deux
630 2847 729 2889 Discours
769 2847 911 2900 prc'cedents.

131 2911 234 2958 hostiles,
258 2914 323 2970 layez
339 2911 373 2956 les
390 2916 452 2955 noles
473 2909 512 2954 des
526 2937 552 2944 -
564 2908 641 2952 llll.
652 2908 782 2952 Vitelliuset
796 2909 912 2965 Veranius,
