1904 3216
139 136 187 185 aar
276 125 290 185 ί
384 134 386 139 ·
417 100 426 123 “
444 138 603 190 omaronus

140 255 299 318 legionesque
312 260 425 304 restituo.
440 256 484 314 Tu,
505 271 597 320 quaeso,
616 259 733 320 placatus,
749 273 788 308 me
809 263 904 323 magis-

139 326 233 375 terium
250 326 371 388 equitum,
382 327 427 375 hos
443 326 541 376 ordines
557 341 615 376 suos
631 343 754 390 quemque
768 336 854 379 tenere
865 330 904 393 ju-

137 395 209 450 neas.

488 540 555 590 xcix
605 588 606 591 ,
631 590 633 594 ,

135 626 247 726 (inp-'52
256 662 343 714 Oratio
352 649 546 781 Fabiiqssooim}
560 663 596 783 ng
603 665 633 795 1L.
647 664 785 715 AEmilium.
797 667 853 730 (556
863 652 903 724 Β...

483 747 520 782 av.
551 760 572 780 .-
595 769 601 780 .

156 872 181 911 0.
190 857 294 924 Terentius
301 871 444 924 terroconsul
460 871 480 908 in
489 860 620 911 'concionibus
633 872 657 910 ad
670 872 766 919 populum
776 866 901 926 jactabatse.

135 926 176 965 quo
187 925 271 964 primurn
285 915 318 954 dre
334 916 415 968 uidisset
429 915 513 968 bostem,¹
526 926 570 954 cum
583 926 607 954 eo
619 925 778 963 congressurum.
791 918 856 966 Longe
864 919 902 956 sliu

123 960 901 1058 ¹nntttliinlt,ltrtltntttntlttnnttnltttlnnntl:

135 1052 282 1132 &afferant
300 1050 323 1093 Q.
336 1049 408 1087 Fabius
425 1049 518 1087 llexrmus
532 1059 562 1086 sio
573 1059 618 1087 eum
631 1052 787 1096 proticiscentem
804 1051 901 1089 allocutuo

164 1185 181 1229 l.
192 1185 248 1228 C'est
260 1199 290 1228 uu
301 1186 416 1236 eatretien,
433 1187 489 1229 mais
499 1187 576 1228 ceretu
591 1187 630 1229 des
641 1187 722 1230 formes
737 1187 850 1230 orntoires.
862 1186 901 1231 Fa·

135 1247 187 1292 bius
199 1247 302 1302 explique
312 1247 401 1290 d’abord
414 1246 435 1290 lo
445 1248 510 1292 motii
514 1248 553 1303 qui
559 1246 581 1291 le
593 1248 632 1291 lait
639 1249 722 1304 parler:
733 1247 754 1291 le
763 1248 900 1293 consulturo

136 1325 181 1356 une
192 1312 248 1355 lutte
267 1310 400 1354 coutiouelle
416 1310 427 1352 t
441 1310 540 1352 coutenir
556 1313 631 1352 contre
648 1320 687 1352 son
706 1308 813 1364 collegae,
824 1314 900 1353 naue

136 1373 234 1417 l'nrclcur
251 1373 368 1416 indiscrete
382 1371 409 1415 (le
425 1370 521 1420 l’ormie.
537 1369 653 1426 Gompuree
670 1371 683 1413 a
703 1370 860 1424 l'imprudenoo
871 1369 899 1415 de

121 1427 264 1486 'iilamioius¹
277 1434 298 1477 la
316 1432 368 1477 lolio
381 1433 410 1477 de
422 1431 505 1475 Varron
520 1438 602 1476 rosoort
616 1443 695 1476 encore
712 1432 843 1488 davanta303
855 1430 898 1476 cllo

135 1497 239 1541 ameneio
255 1509 286 1541 un
295 1495 392 1539 disastro
400 1506 508 1537 nouveau.

127 1646 129 1650 .
156 1614 189 1662 .t.
208 1610 232 1660 Si
242 1617 284 1660 aut
293 1611 412 1672 collegam
424 1610 458 1672 (id
466 1610 532 1673 quod
540 1610 648 1669 mallem)
660 1611 697 1659 tui
707 1610 822 1670 similem,
840 1611 897 1663 Luni

134 1681 224 1738 AEmili,
239 1681 351 1736 haberes,
366 1685 409 1727 aut
422 1686 450 1728 tu
461 1679 560 1742 collegae
574 1678 612 1729 tui
626 1693 691 1729 esses
700 1679 797 1738 similis,
811 1694 900 1743 super-

132 1764 238 1813 uacanea
255 1756 319 1799 esset
334 1749 411 1798 oratio
426 1761 489 1797 mea.
507 1749 566 1798 llam
584 1756 609 1798 et
628 1750 677 1797 duo
696 1749 754 1798 boni
774 1751 897 1811 consules.

131 1823 210 1873 etiam
227 1834 267 1869 me
280 1818 405 1868 indicente
422 1819 464 1883 (ll,
484 1820 565 1868 omnia
580 1818 737 1880 erepublica
753 1820 800 1867 lide
816 1825 896 1870 restra

132 1891 261 1950 faceretis3
278 1896 303 1940 et
316 1889 383 1950 mali,
398 1903 442 1938 nec
459 1903 514 1938 mea
528 1890 600 1938 verba
616 1888 719 1936 auribus
734 1891 831 1947 vestris,
849 1902 896 1940 neo

131 1961 236 2016 consilia
247 1960 337 2010 animis
345 1959 498 2022 acciperetis.
510 1958 578 2007 liunc
587 1966 611 2007 et
620 1959 737 2020 collegam
754 1967 826 2007 tuum
835 1966 860 2008 et
870 1964 895 2009 te

131 2036 207 2084 talem
215 2032 294 2081 virum
303 2029 408 2078 intuenti
416 2029 478 2078 mihi
489 2035 569 2078 tecum
581 2029 660 2078 omnis
672 2027 749 2077 oratio
758 2035 807 2087 est;
819 2042 894 2091 quem

131 2104 203 2154 rideo
215 2099 381 2161 nequicquam
389 2104 414 2146 et
426 2099 506 2147 uirum
521 2098 613 2146 bonum
623 2106 647 2145 et
658 2098 736 2147 civem
749 2097 811 2154 lore,
824 2097 846 2147 si
856 2098 894 2148 ul-

131 2183 183 2224 tera
196 2177 265 2235 parte
278 2168 397 2218 claudicet
410 2182 449 2216 res
465 2168 569 2230 publica,
585 2167 656 2216 malis
668 2166 779 2215 consiliis
791 2167 856 2218 idem
866 2182 894 2218 ao

130 2243 203 2294 bonis
211 2240 278 2304 juris
289 2245 314 2288 et
326 2239 456 2301 potestatis
469 2239 527 2287 erit.
543 2239 615 2287 limas
627 2236 704 2292 enirn,
719 2235 743 2285 L.
762 2237 855 2294 Paulle‚
872 2237 893 2286 si

131 2313 177 2362 tibi
191 2310 276 2360 minus
286 2307 429 2357 certaminis
438 2321 495 2356 cum
508 2307 533 2356 C.
546 2307 656 2356 Terentio
670 2319 743 2366 quani
760 2318 817 2354 oum
830 2305 894 2354 llan-

131 2382 216 2431 nibale
225 2381 339 2429 loturum
353 2390 448 2426 censes:
463 2378 545 2425 nescio
553 2390 585 2425 an
598 2375 711 2425 infestior
723 2374 764 2424 bic
777 2375 893 2424 adversa-

130 2453 183 2502 rius
196 2464 270 2511 qoam
281 2447 524 2507 illehostismaneat‚
533 2455 623 2496 etcum
633 2447 676 2495 illo
687 2446 713 2495 in
722 2445 775 2497 acie
785 2451 891 2506 tantum,

130 2537 187 2572 cum
199 2522 245 2568 boc
254 2519 369 2568 omnibus
378 2518 474 2567 locisac
483 2517 637 2581 temporibus
655 2516 690 2566 sis
706 2521 856 2575 certaturus,
866 2522 893 2566 et

130 2596 248 2645 adversus
259 2589 419 2638 llannibalem
428 2588 586 2652 legionesque
598 2587 652 2651 ejus
666 2587 715 2636 tuis
728 2586 853 2649 equitibus
863 2601 892 2638 ao

155 2741 220 2785 xcix.
247 2741 267 2783 1.
296 2737 415 2782 indicente
441 2749 496 2791 pour
522 2735 700 2792 publiquc.lioos
714 2735 891 2791 avonsexpliqut

129 2818 176 2849 non
189 2803 287 2846 dicente.
299 2800 317 2842 Ε
331 2797 452 2855 republica
467 2799 496 2840 si·
522 2797 612 2841 ailleurs
624 2805 680 2840 cette
696 2797 799 2839 locution.
813 2796 843 2839 On
856 2799 889 2842 dit

127 2866 193 2924 gnific
203 2878 208 2908 :
218 2875 275 2920 pour
286 2862 307 2905 lo
319 2861 370 2905 bien
386 2860 413 2903 de
426 2859 447 2902 la
462 2859 497 2903 ri·
522 2860 587 2904 d'uno
601 2859 698 2903 muniere
717 2859 823 2913 anuloque
840 2871 889 2901 rem
