1904 3216
60 221 106 267 tun
368 217 527 268 oultluttts

60 340 162 382 resecto
171 334 247 382 millia
256 334 393 390 homiuum,
402 335 746 397 minorisuerteomnespretii
755 349 832 397 quam

60 405 145 454 Albius
157 412 182 453 et
191 407 273 453 Atrius
285 410 351 455 sunl.
366 405 454 466 quibus
470 419 511 454 vos
525 406 673 468 subjecistis,
689 406 832 468 Hispaniam

60 475 211 537 provinciam
225 477 315 539 populo
331 478 438 524 liemano
451 476 563 537 erepturi
573 475 668 525 eratis?

90 546 197 595 llmolior
217 555 241 595 et
260 559 358 595 amoveo
373 560 462 594 nornen
477 561 558 595 meum
574 563 580 594 ε
599 547 661 595 niuit
676 547 739 595 ultra
756 546 831 596 facilc

60 616 181 664 creditam
190 623 294 665 mortem
304 630 405 665 meama
417 616 484 665 robis
495 617 598 666 violatus
606 617 662 666 sim.
673 616 836 680 Quid‘lsiego

59 699 180 741 morerer,
193 700 287 734 mecum
296 685 446 747 exspiratura
453 686 602 748 respublica,
613 699 710 735 mecum
718 699 835 734 casurum

59 756 193 819 imperium
202 756 286 818 populi
295 755 398 804 ltnmaui
406 759 475 805 erat‘l
486 758 518 805 Se
526 757 589 806 istuc
598 756 836 818 luppiteroptimus

60 827 181 875 maximus
190 829 255 885 sirit,
267 828 364 882 urbem,
375 827 501 888 auspicato
511 827 558 875 diis
566 827 707 876 auctoribus
720 829 747 875 in
757 834 834 876 aeter·

60 910 120 945 num
138 898 271 950 conditam,
286 896 344 945 huic
353 897 435 959 fragili
450 905 473 944 et
489 897 588 946 mortali
604 897 699 958 corpori
712 898 834 959 aequalem

60 979 124 1015 esse.
133 967 259 1024 Flaminio,
267 966 356 1020 Paullo,
366 966 482 1022 Graccho,
491 967 726 1024 Postumiullbino,
735 968 765 1016 ll.
772 968 835 1016 llar-

62 1036 134 1095 cello,
147 1037 173 1085 t.
184 1037 297 1094 Quinctio
306 1037 427 1098 Crispino,
437 1037 479 1084 Cn.
490 1036 582 1093 Fulvio,
596 1037 751 1097 Scipionibus
760 1037 833 1097 meis,

60 1113 157 1156 tottam
169 1109 294 1169 praeclaris
304 1107 493 1168 imperatoribus
505 1121 554 1156 uno
562 1108 627 1157 bello
637 1107 783 1169 absumptis,
794 1124 836 1159 su·

61 1178 303 1241 perstesestpopulus
313 1178 444 1233 llouianus,
453 1176 558 1238 eritque,
566 1176 635 1225 mille
642 1176 834 1228 aliisnuncler·

61 1261 101 1304 ro,
113 1261 181 1296 nnuc
190 1249 276 1296 morbo
287 1247 456 1296 morientibus.
469 1246 518 1294 lleo
529 1247 603 1295 unius
611 1247 700 1296 funere
711 1247 772 1296 elata
783 1246 834 1312 (15)

64 1316 157 1381 [populi
163 1317 274 1378 Romanii
280 1316 418 1378 respublica
425 1315 505 1364 esset?
515 1316 614 1378 vosipsi
624 1317 666 1367 nic
674 1316 700 1364 in
708 1317 836 1379 Hispania,

62 1395 133 1449 patre
147 1394 171 1435 et
183 1396 270 1448 patruo
282 1401 345 1442 meo,
356 1387 451 1435 duobus
461 1386 669 1447 imperatoribus,
682 1386 833 1444 interfectis,

63 1457 209 1519 Septimium
221 1457 339 1505 llarcinm
348 1456 395 1518 ill)
406 1456 494 1504 ducem
505 1456 573 1505 vobis
583 1456 836 1505 adversusexsultan-

63 1536 100 1577 tes
114 1529 207 1576 recenti
220 1528 321 1576 victoria
335 1529 418 1576 Poenos
427 1527 562 1586 delegistis.
575 1527 603 1574 tlt
617 1526 654 1576 sic
666 1528 766 1589 loquor,
779 1535 836 1577 tan-

63 1613 139 1662 quam
154 1600 206 1646 sine
225 1599 288 1647 duce
310 1597 429 1660 Hispaniae
448 1597 539 1645 suturae
555 1596 658 1646 fuerint.
677 1597 697 1644 ll
727 1597 835 1654 Silanus,

63 1670 149 1717 eodem
157 1669 222 1730 jure,
231 1670 315 1716 eodem
325 1667 531 1728 imperiomeeum
540 1666 565 1714 in
573 1667 726 1729 provinciam
735 1667 835 1723 missus,

64 1739 91 1787 L.
103 1739 183 1799 Scipio
199 1739 274 1787 frater
283 1752 361 1794 nicus,
379 1742 404 1786 et
413 1737 436 1784 G.
451 1736 548 1794 Laelius,
561 1736 646 1797 legati,
658 1736 766 1786 vindices
781 1751 836 1786 ma-

61 1810 159 1871 jestatis
171 1809 269 1870 imperii
283 1807 415 1857 deessent?
425 1809 513 1857 Utrum
525 1809 648 1857 exercitus
660 1806 789 1862 exercitui,
803 1821 836 1857 au

64 1881 138 1929 duces
150 1880 262 1936 ducibus,
275 1893 306 1926 an
318 1877 436 1940 dignitas,
448 1892 479 1925 au
491 1892 565 1927 causa
574 1878 713 1940 comparari
723 1878 837 1939 poterat?

66 1951 158 2007 Quibus
169 1953 190 1999 si
199 1951 312 2000 omuibus
319 1951 458 2012 superiores
468 1952 563 2006 essetis,
573 1965 641 1998 arma
653 1964 710 1999 curn
720 1950 801 2000 Poenis
810 1951 838 1999 in

64 2022 170 2086 patriam
181 2030 266 2070 eontra
276 2023 340 2069 cives
348 2028 440 2069 vestros
447 2020 673 2069 ferretistltricam
685 2020 771 2076 ltaliae,
782 2021 840 2069 Car·

64 2093 191 2152 thaginem
198 2093 252 2140 urbi
261 2091 503 2152 Romanaeimperare
511 2091 838 2153 velletis‘lquamohnexam

64 2162 168 2223 patriae?
177 2161 333 2209 Coriolanum
342 2160 592 2220 ‹prendamdamnatio
601 2159 702 2223 injusta.
714 2159 838 2208 miserum

64 2239 90 2282 et
105 2233 235 2292 iudignum
252 2230 360 2281 exilium.
375 2237 403 2277 ut
414 2230 462 2278 iret
476 2231 506 2278 ad
517 2230 704 2292 oppugnandam
720 2229 837 2290 patriam,

65 2301 178 2363 impulit:
188 2300 309 2349 revocavit
319 2308 398 2348 tamen
408 2314 419 2344 a
432 2301 531 2361 publico
542 2300 674 2360 parricidio
682 2299 775 2363 privata
786 2300 840 2361 pie·

65 2373 243 2432 tasrltvosqui
253 2373 330 2419 dolor.
340 2367 839 2432 quaejustairaincitavitiStipendiumnc

65 2443 154 2490 diebus
164 2442 255 2501 paucis,
269 2441 419 2502 imperatore
432 2440 763 2500 aegro,seriusuumeratum
777 2437 839 2488 satis

66 2513 139 2574 digna
156 2526 226 2559 eausa
240 2510 284 2557 tuit
298 2524 343 2559 cur
362 2509 447 2570 patriae
463 2509 606 2557 indiceretis
616 2507 728 2559 bellum'l
745 2521 790 2555 cur
806 2506 838 2556 ad

66 2586 183 2645 Ilergetes
199 2581 386 2631 descisceretisa
403 2580 492 2642 populo
506 2579 630 2629 Romanol
639 2593 685 2629 cur
698 2578 761 2627 nibil
771 2577 840 2626 diri-

66 2669 155 2704 naruin
167 2656 360 2701 humanarumve
370 2664 455 2700 rerum
471 2650 612 2699 inviolatum
624 2649 692 2699 vobis
701 2647 783 2698 esset?
796 2649 840 2697 ln-

66 2725 164 2775 sanistis
176 2723 296 2785 prolecto,
311 2721 402 2769 milites
413 2733 475 2769 inec
484 2719 563 2782 major
572 2720 598 2766 in
607 2730 697 2780 corpus
707 2730 792 2766 meum
802 2716 839 2764 ris

66 2828 438 2875 nemconsiliiecstriexuminuu·
464 2825 668 2881 semimortuum)
679 2823 840 2878 pout-sepelire

57 2893 90 2933 ab
106 2893 231 2947 peraeque}
260 2891 391 2934 declarare.
411 2913 438 2921 —
465 2892 537 2931 estun
557 2893 625 2930 terme
642 2884 750 2928 consacrd.
763 2907 789 2916 -
804 2885 838 2929 tt

42 2950 76 2989 15-
97 2953 180 3005 Elaia,
194 2967 258 3008 pour
269 2953 375 3012 sepulta.
392 2953 436 3012 Es·
465 2951 504 3013 (t.)
537 2950 676 3012 Septimium
707 2947 842 3001 llorcium3
