1904 3216
132 197 178 248 lot
435 198 597 250 ouationes

132 321 162 363 lol
171 320 227 363 obus
236 321 379 365 d'immonses
388 321 499 365 richesses
509 335 552 377 que
561 320 608 365 lonl
621 323 730 378 quelques
743 321 843 365 hommes
854 333 907 364 sans

131 381 224 436 pouvoir
240 381 273 425 les
289 381 386 437 dpuiser,
396 380 470 425 tondis
481 395 525 437 que
536 383 557 427 le
568 389 627 427 reste
641 383 727 438 languit
733 383 786 425 dans
796 382 816 425 le
827 381 907 424 besoin

132 451 154 487 et
170 443 191 486 la
201 443 297 487 miseret
312 466 336 476 -
347 444 416 494 Qu'on
431 455 455 486 se
467 444 574 488 rereillel
585 445 642 488 voiei
656 446 677 488 lo
687 445 772 488 liberte.
782 444 811 488 Le
819 445 869 498 prix
878 444 906 488 de

65 550 68 557 ,
132 506 152 547 la
162 505 220 548 lutto
235 511 269 549 est
278 505 394 548 immenso.
407 504 500 547 Catilina
510 511 544 548 est
557 505 641 548 ddvoud
656 507 668 548 b
685 507 785 549 lacense
800 517 864 560 corps
883 511 906 548 et

132 569 196 620 dme3
207 567 292 618 consul,
301 567 318 609 il
333 567 354 610 lo
372 565 528 617 soutiendra‚d
545 567 617 609 moins
628 578 671 621 que
684 578 719 610 ses
734 566 789 609 amis
798 566 906 609 n'aiment

131 629 206 671 mieux
216 628 264 671 dlre
275 628 381 671 esolnves.
703 636 704 641 ’

161 777 192 826 lli
198 778 276 827 virtus
282 778 395 841 fidesque
404 783 487 827 vostra
494 782 602 840 spectata
615 777 678 826 mibi
693 777 783 832 forent,
798 778 904 838 nequio-

131 859 207 908 quam
222 853 362 909 opportuna
376 861 418 896 res
433 846 576 903 cecidisset;
588 860 643 908 spes
657 859 754 907 magna,
767 845 904 896 dominatio

131 916 158 965 in
164 917 280 966 manibus
287 917 384 967 frustra
398 918 511 967 luissent.
523 918 607 980 lleque
619 931 666 978 ego
680 931 725 978 per
738 917 861 978 ignaviam
868 915 902 979 (ll

131 992 242 1035 autrana
256 986 364 1050 ingenia,
379 987 471 1037 incerta
485 1001 530 1050 pro
543 988 619 1038 certis
635 994 767 1048 captarem.
782 986 828 1035 Sed
842 987 902 1048 quie

130 1057 216 1106 multis
222 1064 247 1106 et
258 1057 357 1119 magnis
373 1059 561 1121 tempestatibus
575 1071 618 1106 vos
626 1056 730 1118 cognovi
747 1056 903 1106 lortislidos-

131 1140 180 1188 que
187 1127 258 1184 mibi,
271 1128 407 1178 eoanimus
420 1143 494 1178 ausus
502 1135 540 1177 est
547 1141 688 1176 maxumum
698 1133 772 1188 atque
780 1127 902 1188 pulcher-

78 1261 81 1266 ·
129 1211 232 1246 rumum
246 1200 468 1261 lacinusineipere.
487 1199 561 1247 simul
576 1199 634 1261 quia
650 1197 719 1246 vobis
737 1196 822 1246 eadem
844 1211 902 1259 quae

130 1269 192 1317 mibi
206 1271 268 1318 bona
283 1271 397 1331 malaque
406 1284 459 1318 esse
472 1269 662 1325 intellexi;nam
676 1267 742 1317 idem
753 1268 903 1328 vellentque

125 1337 197 1386 idem
213 1341 286 1396 nolle,
303 1355 330 1389 ea
349 1340 449 1388 demum
464 1339 536 1387 firma
548 1338 657 1387 amicitia
667 1344 713 1386 est.
727 1337 774 1387 Sed
783 1350 830 1398 ego
843 1351 902 1399 quae

130 1410 318 1469 menteegitavi
329 1424 415 1459 omnes
420 1409 472 1470 J'am
486 1415 557 1458 antea
565 1409 657 1458 divorsi
665 1408 901 1457 audistisdelerum

129 1481 192 1528 mibi
205 1482 230 1528 in
244 1478 296 1530 dies
305 1482 387 1543 magis
397 1482 495 1530 animus
505 1482 657 1537 accenditur,
671 1494 746 1542 quom
758 1478 899 1535 considero,

132 1562 186 1611 quae
195 1552 302 1600 conditio
312 1551 372 1600 vilse
378 1552 464 1600 lutura
473 1551 514 1606 sit,
529 1550 578 1599 nisi
588 1557 684 1598 nosmet
692 1550 739 1612 ipsi
748 1548 901 1598 vindicamus

130 1620 156 1668 in
163 1620 312 1669 libertatem.
321 1623 380 1669 llam
387 1627 519 1682 postquam
526 1620 668 1683 respublica
677 1619 703 1667 in
713 1633 849 1681 paucorum
856 1633 903 1680 po·

130 1692 234 1740 lentium
240 1691 362 1753 jusatque
374 1691 494 1740 ditionem
501 1691 632 1747 eoncessit,
646 1703 743 1752 semper
755 1690 806 1738 illis
816 1703 899 1750 reges,

130 1761 396 1822 tetramliaevoctigales
406 1775 467 1816 esse,
482 1760 577 1822 populi,
586 1760 705 1808 notiones
713 1759 833 1822 stipendia
840 1774 902 1821 pen·

130 1829 203 1888 dere;
219 1830 294 1879 ceteri
310 1845 405 1887 omnes,
422 1832 527 1884 strenui.
547 1831 616 1887 boni,
631 1830 727 1879 nobiles
735 1836 812 1891 atque
827 1830 901 1891 igno-

129 1898 200 1956 biles,
209 1901 295 1961 volgus
303 1901 397 1949 luimus
415 1901 470 1949 sine
485 1901 564 1962 gratia
581 1901 623 1964 (2),
637 1901 690 1949 sine
703 1902 857 1959 auctoritate,
868 1900 900 1950 iis

129 1969 236 2028 obnoxii,
247 1971 373 2032 quibus‚si
382 1971 522 2033 respublica
531 1972 634 2034 voleret,
642 1971 771 2020 formidini
779 1985 899 2021 essemus,

154 2158 205 2202 lllll.
227 2159 243 2202 ll
263 2173 311 2202 sera
335 2161 390 2203 utile
409 2161 436 2204 de
455 2162 496 2203 lire
526 2171 630 2202 «norum
656 2166 679 2202 et
701 2160 799 2202 victoriae
816 2161 899 2204 veteris

129 2228 193 2265 avant
202 2236 226 2265 oe
237 2223 336 2267 discours
346 2224 366 2267 la
383 2225 497 2268 llnrration
527 2239 536 2260 o
551 2233 659 2263 memores
677 2221 741 2263 civile
759 2221 841 2264 bellum
862 2235 898 2265 ex-

128 2282 171 2326 llll,
181 2286 237 2326 -1,
248 2285 293 2327 Per
306 2285 434 2340 Quantam,
444 2286 497 2328 dans
527 2301 536 2320 «
552 2283 664 2336 optabunt,
690 2282 840 2337 opprimundae
852 2285 897 2326 rei-

128 2345 149 2385 le
159 2357 209 2387 sens
218 2346 245 2388 de
250 2359 295 2401 per
304 2347 408 2400 ipnooos.
415 2348 443 2389 Le
453 2360 498 2389 mo-
527 2362 536 2382 «
551 2344 642 2398 publiote
658 2345 775 2387 consilium
791 2344 856 2398 cepit.
875 2345 898 2388 ln

128 2414 188 2449 ment
198 2409 297 2450 beurenx
308 2410 447 2465 (opportuno
461 2423 498 2452 reo
527 2424 537 2445 «ι
553 2407 613 2449 ltalia
627 2406 703 2449 nullus
718 2406 839 2457 exercitum
859 2407 897 2450 Cn.

128 2470 220 2515 cecidit)
230 2471 282 2514 dont
296 2471 355 2525 parle
369 2472 398 2514 iei
407 2472 497 2514 Catilina
528 2487 537 2506 «
554 2470 668 2522 Pompeius
685 2469 708 2510 in
718 2469 821 2511 extremis
832 2470 899 2512 terris

128 2530 183 2572 adlo'
194 2530 284 2586 indiqud
301 2530 328 2573 de
345 2532 365 2574 la
385 2539 443 2574 sorte
460 2545 499 2586 por
528 2548 537 2568 «
552 2531 748 2584 bellumgeroba13
767 2530 808 2584 ipsi
819 2543 899 2574 oonsu-

128 2590 361 2643 Saltuste,aueb.16:
374 2609 385 2631 α
395 2593 432 2635 llis
444 2596 498 2636 omi·
527 2609 536 2629 ι(
551 2592 620 2635 latum
637 2594 719 2646 petenti
738 2604 815 2646 magna
835 2605 897 2647 spes;

129 2667 139 2689 ι
154 2652 185 2693 cis
202 2653 311 2706 sociisque
333 2653 427 2696 confisus
442 2653 498 2695 Coli—
527 2672 536 2693 a
551 2661 639 2697 senatus
649 2654 704 2696 nibil
715 2667 768 2696 sane
785 2655 895 2704 intentum

129 2727 139 2749 α
154 2712 207 2762 lina,
219 2712 285 2754 simul
294 2712 352 2766 quod
362 2726 391 2756 aes
400 2715 496 2756 alienum
526 2732 535 2753 «
551 2722 602 2759 tutae
611 2716 778 2771 tranquillaeque
796 2728 832 2758 res
851 2729 898 2759 om-

129 2789 139 2811 «
154 2785 193 2827 per
202 2774 431 2830 omnisterrasingens
441 2784 495 2828 eret,
526 2790 601 2830 unes;
621 2778 693 2820 sedeo
709 2791 799 2832 prorsus
818 2790 896 2833 oppor-

129 2847 139 2869 ι
153 2837 175 2874 et
184 2832 241 2887 qnod
251 2833 352 2890 plerique
362 2835 444 2878 Sullani
455 2838 496 2879 mi·
525 2856 534 2877 a
550 2845 602 2881 tuna
609 2839 714 2882 Catilinae.
722 2857 732 2878 s
741 2840 792 2883 -2,
801 2839 895 2890 Gratia,

123 2909 136 2931 ι
148 2893 207 2947 lites,
218 2894 303 2952 largius
318 2909 360 2941 suo
376 2898 418 2951 usi,
436 2901 495 2956 rupi·
523 2901 639 2953 inlluence¹
652 2902 822 2945 consideration.
