1904 3216
342 155 379 207 EX
391 154 459 205 Lli'li
476 153 561 207 trotio
575 154 624 209 11-
820 162 864 213 511

95 272 172 325 nutri
185 285 231 336 per
241 270 347 322 eundem
356 274 381 319 te
388 274 497 319 maturet
505 269 649 333 perniciem.
662 272 807 336 Perfugium
817 274 866 324 sibi

96 357 219 408 nusquam
238 341 350 405 gentium
365 354 420 391 mse
436 342 480 399 ait,
494 347 522 390 ut
535 354 582 404 ego
596 355 628 390 ne
641 344 707 403 apud
723 350 747 394 te
766 346 866 406 quidem

96 417 234 479 quicquam
249 414 300 476 spei
315 413 417 475 reliquie
430 412 541 461 habeam.
556 412 762 472 circumventum,
773 419 863 478 solum,

96 488 205 549 inopem,
217 484 308 534 inridii
318 483 405 545 gratim
416 491 536 541 externae,
548 498 605 546 quie
618 484 687 533 obest
696 486 777 545 potius
789 500 866 549 quam

95 556 205 619 prodest.
220 560 315 604 onerat.
326 556 382 604 ium
396 553 460 602 iliud
472 567 548 615 quam
563 555 724 614 accusatorie,
740 557 806 617 quod
819 572 866 608 uo-

95 625 143 675 ctis
158 625 232 689 hujus
245 625 340 674 crimen
354 623 452 673 miscuit
466 636 523 672 cum
537 629 619 673 cetera
632 624 793 674 insectatione
807 625 865 677 vitto

94 698 178 745 meae?
189 702 220 745 ut
230 701 254 744 ct
263 696 320 752 hoo,
334 693 475 757 quodiam,
490 694 564 755 quale
577 694 620 751 sit,
635 694 708 753 acies,
723 700 866 759 suspectum

94 765 146 817 alio
156 764 309 816 vitecosum
322 771 406 813 tenore
414 764 520 821 iacerem
532 771 557 814 ot
569 764 637 814 iilum
648 778 735 816 mnam
744 766 866 817 crimina·

94 834 189 885 tionem
205 835 268 899 spei,
281 835 421 889 voluntatis,
437 834 600 884 consiiiorum
614 848 729 885 meorum
741 841 865 888 nocturum

93 901 142 956 hoo
152 905 210 955 flcio
227 912 252 955 et
264 906 400 968 composito
415 911 563 967 argumento
576 905 608 968 (1)
624 905 734 956 fulciret.
748 906 827 959 simui
838 912 866 959 et

93 975 157 1026 iliud
169 977 291 1039 quaesivit,
303 984 332 1026 ut
343 976 474 1040 repentina
485 981 511 1025 et
522 975 626 1025 minime
643 984 781 1041 praeparata
791 992 865 1031 accu-

92 1048 156 1098 satio
167 1046 305 1104 videretur.
316 1047 411 1110 quippe
423 1060 451 1094 ex
460 1046 541 1095 noctis
554 1046 629 1109 hujus
637 1053 706 1096 metu
717 1054 743 1097 et
753 1050 864 1103 tumultu

93 1117 224 1181 repentino
239 1124 332 1167 exorta.
347 1116 464 1179 Oportuit
479 1122 572 1171 autem,
590 1117 691 1175 i‘erseu,
708 1118 731 1167 si
751 1120 864 1181 proditor

94 1202 142 1252 ego
153 1186 230 1250 patris
239 1188 361 1251 regnique
373 1198 452 1243 eram,
464 1185 486 1235 si
500 1198 558 1235 cum
570 1182 693 1243 Romanis,
707 1187 799 1239 sicum
808 1190 864 1241 aliis

93 1260 205 1311 inimicis
226 1260 306 1323 putris
322 1259 431 1308 inieram
449 1257 561 1313 consiliu.
579 1270 629 1305 nou
647 1265 811 1322 exspectatum
826 1261 864 1313 iu-

92 1333 179 1382 huirm
193 1332 272 1382 noctis
286 1332 363 1393 hujus
378 1344 431 1379 esse
441 1330 497 1391 ,sed
514 1328 663 1391 proditionis
676 1343 739 1381 meoe
752 1339 811 1383 anta
821 1346 863 1385 ma

93 1412 234 1453 accusatum
250 1402 302 1465 (2)·
318 1404 340 1451 si
358 1402 402 1451 illu
424 1407 538 1462 separata
559 1401 590 1449 ab
604 1399 651 1450 hac
663 1413 725 1451 mna
740 1404 863 1456 accusatio

92 1479 154 1530 erat,
169 1473 338 1537 invidiamque
354 1479 423 1522 tuam
436 1472 554 1521 adversus
567 1484 608 1520 me
621 1472 710 1535 inagis,
723 1486 798 1537 quum
811 1474 863 1527 cri-

91 1558 150 1595 men
166 1557 251 1595 meum
265 1544 416 1601 indicatura,
431 1540 504 1591 hodie
515 1554 613 1604 quoque
628 1554 685 1591 eam
700 1550 745 1593 aut
756 1551 862 1607 pratar-

91 1612 169 1672 mitti,
186 1619 229 1663 rut
246 1612 273 1662 iu
292 1613 361 1662 aliud
383 1620 481 1674 tempus
499 1612 611 1663 ditierri:
624 1620 653 1665 ut
667 1616 860 1679 perspiceretur,

91 1690 179 1733 utmm
193 1695 240 1743 eqo
256 1682 313 1740 tihi,
327 1697 359 1731 au
375 1690 403 1731 tu
416 1682 490 1739 mihi,
505 1696 567 1732 noro
583 1682 685 1746 quidem
698 1692 724 1735 et
737 1686 861 1750 singulari

90 1767 183 1817 genere
199 1753 260 1813 odii,
272 1755 376 1804 insidias
394 1755 504 1804 fecisses.
520 1754 571 1816 iigo
586 1762 679 1815 tamen,
691 1764 812 1818 quantum
832 1760 860 1809 in

90 1825 137 1875 hac
154 1823 235 1873 subita
252 1825 438 1888 perturbatione
453 1832 548 1887 potero,
566 1826 686 1887 separabo
704 1840 741 1888 oa,
757 1843 815 1891 quae
830 1834 860 1878 tu

89 1895 239 1954 confudisti3
250 1902 276 1945 et
286 1896 365 1947 noctis
378 1897 453 1959 luu‘us
467 1896 579 1953 insidias,
597 1904 639 1948 aut
655 1905 710 1946 tuas
723 1906 766 1948 aut
781 1914 857 1959 meus,

89 1967 211 2029 detegam.

121 2036 251 2088 Occidendi
260 2039 299 2088 sui
312 2039 444 2088 consilium
458 2051 498 2087 me
509 2039 585 2088 inisse
593 2038 673 2088 rideri
686 2039 739 2087 ruit
751 2054 757 2088 :
769 2048 798 2089 ut
808 2041 859 2091 sci·

90 2109 157 2167 iicet,
173 2110 266 2171 majore
280 2110 358 2159 iratre
375 2110 478 2163 subiato,
497 2110 567 2171 cujus
581 2110 637 2171 juro
651 2110 773 2171 gentium,
788 2124 858 2163 moro

90 2180 257 2235 Macedonum,
274 2187 317 2230 tuo
328 2181 411 2234 etiam.
420 2188 449 2231 ut
461 2181 506 2236 ait,
514 2181 610 2242 judicio
624 2193 731 2241 regnum
744 2180 858 2233 estiutu-

88 2264 214 2314 run1,ego
231 2251 313 2299 minor
327 2252 352 2300 in
366 2254 430 2312 ejus,
444 2265 519 2314 quem
533 2251 687 2306 occidissem,
699 2250 858 2303 succederem

116 2375 240 2420 ccxxxvii.
256 2378 277 2420 i.
293 2377 461 2433 Arqumentum
486 2375 555 2418 linitis
563 2375 601 2430 qui
610 2385 634 2418 se
643 2381 691 2418 met
703 2380 796 2418 souvem
804 2388 858 2421 arao

90 2446 124 2483 eat
141 2439 162 2481 ia
179 2445 249 2481 termo
263 2438 317 2482 iatin
331 2452 387 2494 pour
396 2439 458 2482 dire:
487 2440 577 2493 oportet
592 2436 665 2491 quand
683 2448 712 2479 ou
728 2436 789 2491 paria
805 2438 858 2483 diu

90 2501 111 2544 ie
125 2501 183 2556 srijut
197 2500 262 2544 d'uno
279 2500 458 2556 piccoisuouiu).
487 2500 526 2541 mit
550 2497 655 2551 acrompii
680 2496 720 2553 qui
737 2497 810 2541 aurati
826 2498 857 2543 du

88 2560 121 2606 En
147 2574 171 2605 se
196 2570 285 2605 servant
302 2562 329 2606 do
348 2562 369 2604 ln
388 2564 459 2605 nieme
487 2561 536 2602 erre
549 2562 641 2601 erecutd
654 2558 719 2602 ti'unc
732 2564 796 2603 autre
810 2572 857 2605 mc·

89 2623 224 2680 metaphora,
242 2623 365 2667 Demetrius
381 2624 413 2667 dit
428 2636 459 2667 un
486 2622 555 2665 mere.
565 2620 778 2665 tloniormimentau
791 2622 856 2677 quui·

89 2697 132 2740 peu
141 2686 190 2742 plus
206 2685 253 2739 baa,
262 2685 369 2740 sabaium
385 2686 458 2730 noctis
487 2683 513 2726 do
535 2693 576 2725 nos
606 2681 697 2735 langues
723 2682 854 2736 monemus,

88 2744 165 2801 injur.
180 2770 207 2778 -
226 2747 247 2790 2.
264 2746 396 2803 Oporiuit...
413 2760 458 2790 non
487 2756 542 2787 nous
551 2744 688 2787 momerium
703 2744 753 2798 pius
769 2748 855 2791 natum!

90 2812 243 2865 exspectatam
256 2821 328 2852 ecco...
346 2808 387 2852 red
405 2814 460 2853 urite
487 2808 514 2851 de
529 2808 598 2851 dira:
615 2806 739 2863 Oportebat
755 2821 802 2853 non
816 2823 856 2854 ex·

90 2882 126 2914 me
139 2871 397 2928 aoeuauium‚passiiio
412 2872 460 2914 iin-
486 2877 591 2929 spectare
616 2873 677 2915 norro
701 2876 866 2923 nocicmacu
