1904 3216
247 199 282 244 El
299 199 392 247 loelli
410 198 556 248 sublimn
574 198 659 250 tlsslto
677 201 696 250 Ι.
810 204 852 248 rll

86 310 189 360 fratrem
198 312 258 359 mihi
270 312 450 373 redditionem
465 314 569 361 missum
583 315 669 364 advos
683 331 694 362 a
709 314 856 365 Germanico

87 383 204 435 exercitu,
223 383 252 427 de
263 383 438 429 communibus
451 385 593 438 commodis
606 390 677 433 nocto
688 387 800 445 proxima
814 386 855 447 jn·

87 454 180 513 gulnrit
193 467 237 512 pai·
251 453 400 512 gladiatores
416 468 482 509 suos
496 469 556 515 qnos
574 455 600 501 in
623 454 726 502 exitium
748 457 856 504 militum

87 522 160 571 habel
174 535 237 580 aque
250 526 337 570 armat.
348 523 486 584 Responde,
497 526 582 576 Blaese.
604 525 647 572 ubi
665 526 769 574 cadaver
788 527 857 588 abje-

87 591 170 642 ceris?
187 591 221 638 Ne
231 593 315 642 hostes
329 591 429 654 quidem
439 594 569 656 sepultura
580 595 698 643 inrident.
713 594 857 650 Qunmoou-

87 664 126 716 lis.
138 676 216 725 quum
227 662 336 712 lacrimis
346 664 545 713 doloremmeum
554 666 696 728 implevero,
706 681 746 716 me
757 681 859 732 quoque

87 734 208 783 trucidari
214 733 291 796 jube:
305 735 366 784 dum
380 735 525 785 interlectos
545 738 641 785 nullum
657 737 688 786 ob
704 738 793 792 scelus.
814 740 857 789 sed

88 803 148 868 quia
158 805 262 854 utilitati
273 804 401 866 legionum
412 806 611 866 consulebamus,
628 807 655 856 bi
664 808 794 870 sepeliant.

453 997 488 1047 111

88 1121 145 1185 Cup.
163 1121 202 1170 lo.
224 1122 297 1170 Voces
310 1121 428 1172 militnm.
448 1136 525 1185 quum
538 1121 632 1169 Drusus
648 1119 760 1184 ipsorum
769 1126 858 1186 postu-

214 1191 269 1238 lata
283 1191 317 1238 ad
329 1196 442 1239 senatum
448 1194 598 1255 patremque
608 1189 731 1252 rejiceret.

111 1320 203 1360 Tiberius
212 1320 238 1359 ad
248 1321 408 1371 compescendam
414 1321 528 1360 seditionem
535 1323 619 1359 Drusum
628 1321 690 1358 lilium
699 1322 724 1360 ab
730 1320 782 1359 Urbe
791 1322 857 1360 mittit.

90 1367 133 1408 cui,
149 1367 243 1404 advocata
262 1367 361 1408 solucione.
375 1367 463 1417 clemens
480 1367 569 1404 centurio
587 1366 686 1417 postulata
713 1366 795 1404 militum
809 1366 857 1404 edit.

89 1413 224 1493 ffiffiuqrmzrm
240 1411 316 1448 bmsus
325 1410 429 1448 arbitrium
443 1415 524 1449 senatus
533 1415 554 1448 et
564 1416 631 1462 patrm
639 1411 764 1455 obtenderet,
773 1411 863 1467 elamore

120 1566 169 1615 Gur
179 1565 294 1622 venisset,
306 1578 387 1626 neque
402 1563 523 1625 augendis
534 1563 646 1613 militum
655 1564 795 1628 stipendiis,
810 1578 858 1613 ne·

89 1651 137 1699 que
151 1637 284 1686 allevandis
295 1635 432 1691 laboribus,
447 1634 556 1696 denique
568 1635 637 1684 nulla
649 1635 819 1685 benefaciendi
827 1635 860 1684 li-

89 1707 190 1756 centia?
202 1715 235 1762 at,
253 1706 363 1760 ltorcule,
380 1706 483 1754 verbera
495 1711 520 1754 et
532 1719 618 1755 necem
630 1706 728 1756 cunctis
736 1707 857 1769 permitti.

89 1776 214 1825 liberium
229 1777 289 1825 olim
299 1776 400 1825 nomine
414 1777 519 1838 Augusti
531 1775 653 1825 desideria
661 1777 789 1838 legionum
800 1778 858 1827 iru-

88 1847 162 1896 strari
181 1846 283 1895 solitum
302 1863 307 1892 :
326 1845 424 1894 eosdem
443 1852 509 1895 artes
523 1846 631 1894 Drusum
648 1847 772 1895 retulisse.
792 1848 859 1896 ilun-

89 1931 196 1980 quumne
211 1917 241 1971 ad
252 1930 279 1965 se
289 1915 338 1964 nisi
349 1915 413 1964 lilios
433 1916 587 1964 familiarum
609 1917 745 1965 venturos?
765 1917 858 1965 llovum

89 1990 114 2037 id
125 1988 206 2051 plane,
223 1987 291 2050 quod
301 1986 440 2048 Imperator
449 1987 499 2034 sola
515 1986 735 2035 militiscommoda
748 1988 778 2034 ad
789 2001 860 2034 sena·

90 2065 143 2106 tum
159 2057 266 2120 rejiciat.
282 2056 391 2105 Eundem
405 2069 464 2118 ergo
475 2062 589 2104 senatum
598 2056 785 2112 consulendum,
798 2071 859 2118 quo·

88 2130 135 2178 ties
147 2127 268 2190 supplicia
278 2132 322 2175 aut
335 2126 423 2189 proelia
438 2125 588 2175 indicantur.
600 2127 746 2188 llnpraemia
757 2127 804 2174 sub
815 2127 860 2175 do-

88 2197 172 2255 minis,
186 2209 272 2260 poenas
286 2196 340 2245 sine
354 2196 451 2245 arbitro
464 2195 538 2244 esse?

462 2387 490 2435 ll

126 2519 182 2581 Cap.
194 2519 232 2569 28.
249 2520 325 2571 Verba
341 2520 475 2571 Clementis
485 2517 650 2571 centurionis.
666 2516 823 2582 aliorumque

197 2591 242 2654 qui
256 2592 367 2640 militum
381 2593 478 2639 ultimos
489 2589 579 2638 sedare
591 2588 748 2639 nitebantur.

112 2730 205 2767 lncenroo
214 2728 288 2767 animoa
297 2734 317 2768 at
325 2730 415 2769 inseelus
421 2733 480 2768 noem
490 2731 596 2777 empturos
604 2723 727 2778 torsulenivit.
735 2724 797 2775 Quum
808 2724 860 2762 enim

89 2776 154 2813 subito
163 2775 209 2812 lum
219 2774 329 2819 deiecisset,
337 2779 359 2813 ut
366 2779 413 2813 aunt
421 2777 505 2813 mobiles
515 2776 539 2812 ad
548 2773 709 2822 superstitionem
716 2772 770 2820 vulgi
780 2774 855 2808 utentes

115 2913 151 2958 Ill.
169 2914 237 2971 lopez
256 2917 278 2959 la
300 2914 539 2971 Narrationespdl.
