1904 3216
328 174 366 224 tx
382 171 449 222 ttttt
465 169 552 220 tttno
568 168 619 218 tlt.
825 159 856 209 tt

84 296 138 358 jam
148 292 221 344 nobis
231 287 478 349 ratribusmhisque
489 282 599 347 plebeiis,
609 278 763 343 promiscuus
768 287 857 324 eonsu-

88 367 154 416 latus
166 370 246 428 patet;
262 377 309 412 nec
319 359 427 425 generis,
442 365 469 408 ut
485 363 550 411 ante.
562 355 606 406 sed
622 352 730 407 virtutis,
744 356 857 429 estprae·

88 436 187 487 mium:
201 435 439 498 proindesummum
453 429 568 492 quodque
574 430 689 488 spectate.
703 422 802 477 milites,
812 419 857 496 de-

88 505 215 561 cestim,
230 505 253 554 si
268 504 331 552 mihi
347 515 438 552 novum
448 502 496 549 hoc
509 497 607 546 Corvini
618 495 652 558 (t)
665 503 801 552 cognomen
810 489 857 536 dns

87 575 232 625 auctoribus
245 574 356 623 homines
365 570 477 625 dedistis,
490 565 673 617 Publicolarum
683 566 808 610 vetustum
820 561 858 604 te-

88 646 166 696 miliae
180 651 275 694 nostre
287 655 424 706 cognomen
438 638 557 689 memoria
572 633 682 686 excessit.
697 632 798 692 Semper
813 641 859 708 ego

88 719 188 782 plebem
199 717 332 766 Romanam
345 711 442 762 militiae
452 708 577 770 domique,
594 705 711 769 privatus.
724 703 749 750 in
765 713 859 762 magis-

89 789 200 839 tratibus
219 787 301 851 partis
319 784 479 848 magnisque,
496 793 567 843 aeque
582 777 700 827 tribunus
718 787 746 823 nc
764 771 859 828 consul,

90 861 178 911 eodem
194 867 278 908 tenore
290 871 335 920 per
344 869 429 905 omnes
442 853 558 913 deinceps
566 847 717 900 corrsuiatus,
728 844 861 904 coluntque

90 930 166 981 enini.
176 930 246 979 Nunc
256 927 322 991 quod
333 928 418 981 instat,
431 923 479 973 diis
492 923 553 971 bene
561 918 711 983 juvantibus
724 916 861 989 norumat·

90 997 316 1064 queintegrumne
331 993 480 1046 Samnitibus
499 990 655 1053 triumphum
671 997 767 1036 mecum
776 987 860 1044 petite.

453 1156 501 1205 ttx

90 1285 148 1345 Cap.
159 1282 201 1332 55.
217 1279 305 1333 Oratio
320 1281 349 1331 Ρ.
362 1280 433 1330 necti
454 1281 488 1329 ad
508 1279 600 1331 ,tilitas
616 1298 633 1330 a
646 1279 802 1334 Samnitibus
813 1276 863 1332 cim·

403 1366 546 1401 cunaseasos.

112 1473 246 1515 memmius
262 1472 335 1523 cpusnt,
352 1482 413 1522 quum
431 1473 450 1509 in
466 1476 537 1511 snitum
554 1475 703 1514 circumsessum
720 1477 862 1516 asammttnus

88 1520 201 1572 exereitum
210 1517 328 1568 demisisset,
342 1517 361 1554 Ρ.
370 1518 447 1568 Decius.
456 1517 548 1572 tribunus
556 1519 647 1562 militnm.
664 1519 683 1556 in
699 1521 774 1559 editum
783 1521 861 1572 mrtem,

92 1566 227 1602 manentem
240 1565 323 1601 nostrum
338 1566 416 1603 eastris.
432 1571 475 1599 cum
492 1573 560 1610 paucis
575 1569 644 1606 erasit.
663 1570 722 1612 atqua
739 1566 767 1604 ita
784 1567 860 1603 consuti

123 1614 174 1647 num
184 1604 242 1645 dedit
257 1605 440 1659 armamentum
456 1615 525 1658 agmen
541 1607 560 1644 in
579 1609 686 1658 aequiorem
702 1610 773 1648 locum.
790 1609 860 1660 iterius

103 1654 162 1692 sida
170 1653 238 1693 noctu.
248 1662 267 1702 γι
284 1659 321 1703 ιιιι
337 1649 443 1702 dispositis.
453 1653 526 1702 ceteras
534 1652 622 1690 omnibns
634 1658 727 1691 tesseram
737 1655 795 1703 darrp
807 1652 859 1690 iret:

92 1696 123 1736 uh*
132 1695 225 1735 munda
234 1705 252 1731 r
283 1704 307 1732 raa
314 1694 401 1745 butema
417 1693 483 1745 datum
493 1705 509 1732 st

91 1742 154 1822 aazia
165 1739 300 1779 eonranirent.
310 1738 352 1783 Quo
367 1737 408 1783 uba,
425 1741 477 1776 sicut
519 1742 579 1777 tetum
595 1742 646 1787 erat,
655 1740 711 1779 taciti
721 1745 859 1782 convenerunt.

536 1706 569 1734 um
578 1699 638 1739 esset.
646 1699 716 1734 armati
726 1708 770 1737 eum
780 1696 860 1736 silentio

117 1872 158 1916 bes
166 1871 249 1915 soldats
259 1877 297 1915 ont
310 1870 376 1914 saure
388 1871 478 1915 l’armte
495 1873 603 1924 romine,
620 1873 649 1916 ils
657 1873 744 1917 doivent
759 1874 858 1929 songeri

92 1935 237 1978 eux-memes
247 1955 274 1968 -
282 1932 391 1976 it’ennemi
401 1946 429 1977 ne
443 1934 484 1977 snit
494 1946 533 1989 pas
543 1936 632 1990 profiter
640 1936 667 1978 de
677 1947 712 1979 ses
722 1939 839 1989 amntapes
854 1950 858 1976 :

92 2008 140 2039 sans
149 1996 250 2040 attendre
262 2007 306 2051 que
324 1995 345 2038 la
354 1995 458 2038 reflexion
468 1995 501 2037 lui
511 1996 598 2048 vienne,
609 1996 625 2039 il
634 1997 681 2039 iant
689 2009 713 2040 se
722 1996 824 2051 degener.
836 2019 860 2027 -

92 2055 181 2101 vtem
190 2063 225 2100 est
233 2058 329 2112 propios,
339 2062 386 2099 tent
395 2057 444 2100 dort
454 2056 507 2100 dans
517 2057 538 2100 ie
549 2069 611 2113 camp
622 2058 726 2110 samnite;
740 2057 761 2100 la
774 2058 822 2100 nuit
831 2069 860 2100 ou

93 2117 113 2160 la
122 2124 214 2162 terreus·
221 2117 340 2160 combattra
350 2130 406 2173 pona·
416 2117 448 2160 les
458 2117 567 2161 Romains.

120 2234 171 2283 iioc
184 2235 323 2291 silentium,
338 2233 441 2290 milites,
453 2233 545 2283 omisso
555 2233 657 2282 militari
669 2245 776 2290 assensu,
787 2231 860 2281 inme

90 2304 213 2358 audiendo
229 2304 378 2352 servandum
393 2310 430 2352 est
447 2319 453 2350 :
472 2303 515 2352 uhi
530 2303 676 2354 sententiam
694 2316 774 2352 meam
792 2301 861 2352 robis

91 2387 209 2436 peregero
219 2373 264 2437 (i),
276 2380 339 2430 tum,
352 2373 442 2436 quibus
456 2374 540 2422 endem
552 2374 691 2435 placebunt,
698 2372 725 2421 in
737 2372 861 2421 dexteram

91 2450 184 2505 partem
195 2442 264 2492 taciti
278 2443 416 2493 transibitis
429 2458 434 2491 :
445 2456 499 2506 quae
509 2456 565 2504 pars
581 2443 660 2506 major
669 2443 726 2498 erit,
741 2455 769 2491 eo
782 2441 861 2491 stabi-

91 2514 251 2563 turcnnsiiio.
266 2512 345 2571 liunt,
356 2527 413 2576 quae
425 2519 507 2562 mente
521 2513 622 2575 agitem,
635 2512 725 2562 audite.
738 2513 789 2562 Non
800 2514 859 2575 iuga

89 2649 228 2704 wileguedu
244 2649 341 2704 premier
356 2648 395 2692 des
410 2660 462 2690 eon·
488 2648 588 2701 Corvus,·
611 2650 644 2692 les
661 2650 766 2693 ecrirains
787 2650 858 2692 disent

89 2709 460 2761 multtatus-icorvt'nimette
488 2712 707 2756 souventcorm‘nus.

89 2772 157 2818 ita-me
171 2784 197 2817 ae
210 2778 290 2816 trouve
307 2772 335 2814 iti
351 2771 461 2814 danstons
515 2771 564 2815 ttx.
597 2774 617 2816 1.
650 2773 770 2829 Perepero,
802 2787 858 2829 pour

90 2832 184 2878 lubens
199 2833 340 2878 manuscrits.
358 2832 399 2875 Les
415 2845 461 2874 mo-
488 2832 577 2887 apendo
586 2834 727 2889 (ceste-dire
742 2836 861 2881 orationei

90 2901 189 2941 menta
198 2893 292 2940 officiels
303 2894 459 2938 maintt'ernent
486 2905 618 2952 exposuere.
