1904 3216
292 220 330 271 EX
347 221 414 272 Lllll
430 222 517 272 Llllll0
532 222 603 276 xio.
785 220 835 268 lm

64 335 192 398 peditibus
203 338 363 399 pugnandum
376 337 422 386 tibi
439 337 564 394 sit,lorro
577 336 626 386 dux
642 337 693 386 tuis
706 334 831 385 militibus

63 408 127 456 lesit
136 407 436 469 oppugnaturusdminis
445 407 575 457 etiamtibi
584 421 656 456 causo
667 405 763 456 obsite.
777 405 833 452 Fla-

61 477 134 526 minii
148 476 184 541 (2)
194 480 325 527 memoria:
338 485 419 527 tumen
430 479 471 527 ille
479 478 565 527 consul
574 478 686 534 demum,
700 484 724 525 et
738 476 764 524 in
776 488 834 536 pro-

62 547 140 597 vincio
160 555 184 596 et
205 548 235 596 ad
254 547 399 604 exercitum,
421 548 495 610 coepit
510 548 611 596 furere:
626 547 668 595 hic
682 546 834 608 priusquam

62 625 158 681 peteret
170 619 334 675 consulatum,
348 617 438 667 deinde
451 618 476 667 in
491 617 598 682 petendo
609 617 747 674 consulatu,
764 629 833 666 nunc

61 702 163 751 quoque
170 689 266 747 consul,
279 688 423 750 priusquam
435 695 515 737 casim
526 687 606 736 videat
618 694 661 735 aut
676 688 783 745 hostem,
795 685 833 734 in·

62 758 135 807 sunit.
147 758 177 806 lit
185 757 369 820 quitantosjam
378 771 444 806 nunc
453 758 584 819 procellis,
593 754 835 820 proelisatqueacios

61 827 184 888 potando,
194 826 263 876 inter
272 832 365 887 togatos
374 825 432 883 ciet,
442 826 502 888 quid
512 826 577 875 inter
584 834 706 875 armatum
714 825 833 887 juventu·

62 905 114 947 tem
122 911 208 947 censes
216 895 350 952 iacturum,
361 896 434 945 etuhi
443 899 565 959 extemplo
572 911 613 947 res
620 897 693 947 verbo
703 894 834 959 sequitur?

62 968 137 1031 Atqui
150 968 172 1017 si
187 968 237 1024 hic,
252 969 318 1032 quod
329 970 453 1017 lucturum
461 982 488 1017 se
498 969 637 1029 denuntiat,
649 969 772 1031 extemplo
784 982 833 1030 pu-

63 1040 191 1101 gnaverim
208 1045 250 1088 out
259 1053 306 1101 ego
316 1053 370 1088 rem
384 1038 528 1100 militarem,
540 1040 600 1089 belli
612 1040 658 1088 hoc
673 1052 759 1100 genus,
773 1040 832 1088 hos-

60 1113 112 1159 tem
137 1109 206 1158 hunc
217 1109 314 1171 ignoro,
336 1115 381 1158 aut
398 1108 506 1157 nobilior
522 1109 586 1158 nlius
606 1109 746 1158 imsimeno
762 1108 835 1157 locos

61 1179 154 1229 uostris
166 1179 277 1229 cladibus
290 1178 348 1229 erit.
447 1182 450 1188 “

75 1281 113 1325 ti.
123 1282 204 1326 Bobius
217 1296 295 1339 expose
309 1284 329 1327 le
341 1287 434 1340 systeme
444 1283 589 1340 d'opdmtions
599 1285 638 1341 qui
650 1284 696 1328 doit
707 1284 787 1328 ruiner
799 1285 834 1326 in-

62 1343 217 1388 inilliblement
230 1346 341 1389 lluunibol.
353 1346 471 1390 'lminerln
482 1359 562 1401 guerre
576 1359 604 1390 en
613 1346 735 1401 longueur;
743 1345 836 1402 dpuisor

64 1403 98 1448 los
106 1417 235 1449 ressourecs
244 1407 271 1450 do
283 1407 413 1451 l'enuomiet
422 1408 444 1450 lo
458 1408 555 1451 delinire
564 1408 626 1463 plico
640 1408 652 1450 i
666 1407 736 1462 picco.

91 1520 115 1569 2.
128 1521 178 1570 lico
186 1520 311 1584 gloriandi
319 1530 416 1584 tempus
425 1523 543 1571 adversus
551 1536 629 1571 unum
640 1520 674 1583 [ol
684 1527 728 1581 est,
737 1527 766 1571 ul
775 1536 832 1584 ego,

61 1592 241 1643 contemnendo
258 1592 338 1655 potius
354 1605 429 1653 quam
445 1592 582 1654 oppetendo
596 1591 711 1653 glorium,
731 1593 834 1643 modum

61 1664 217 1714 excesserim.
231 1665 277 1714 Sed
286 1665 319 1712 ito
329 1678 369 1713 ros
379 1664 466 1712 liobet:
478 1677 525 1711 uuo
537 1662 600 1711 ratio
609 1663 668 1712 belli
677 1663 778 1724 gerendi
787 1665 832 1713 ad·

60 1745 147 1784 versus
159 1733 318 1783 llannibslem
329 1741 374 1791 est,
388 1747 436 1796 quo
446 1748 491 1794 ego
504 1732 576 1790 pessi.
589 1732 636 1782 llec
645 1740 749 1782 eventus
759 1735 835 1784 modo

60 1803 106 1854 hoc
117 1804 189 1853 docet
205 1804 347 1867 (stultorum
356 1805 400 1851 iste
410 1811 525 1864 magister
538 1803 593 1866 est),
607 1803 650 1852 sed
664 1804 749 1851 eudem
766 1805 835 1854 mtio

60 1886 115 1936 qoae
126 1873 178 1922 luit
188 1873 330 1936 lutumque,
341 1873 419 1921 donec
430 1887 467 1921 res
479 1875 572 1922 eaedem
586 1875 729 1928 monebunt,
743 1875 835 1923 iminu-

60 1943 143 1993 tuhilis
153 1950 201 1991 est.
214 1943 243 1992 In
255 1943 326 1992 ltelia
337 1942 430 1991 bellum
439 1944 559 2002 gerimus,
572 1943 598 1992 in
607 1945 665 1992 sede
674 1959 701 1992 oc
713 1946 765 1993 solo
778 1959 833 1993 nos·

59 2019 112 2074 too;
126 2014 212 2063 omnia
224 2013 290 2062 circi
301 2015 372 2076 pleno
384 2014 475 2062 civium
485 2028 514 2062 nc
527 2014 651 2062 sociorum
660 2021 731 2071 sunt;
744 2017 831 2070 armis,

58 2083 128 2144 viris,
143 2085 225 2145 equis,
239 2083 416 2133 commeatibus
425 2084 520 2146 jurant.
534 2084 725 2145 jurabuntque:
739 2085 765 2133 id
779 2097 833 2144 pam

59 2153 115 2203 lidel
129 2153 307 2204 documentum
321 2154 348 2203 in
366 2154 475 2203 adversis
492 2154 566 2203 rebus
578 2155 669 2202 nostris
682 2154 806 2202 dederunt
823 2170 833 2202 z

58 2223 183 2280 meliores
191 2224 372 2287 prudentiores,
382 2225 559 2273 constantiores
569 2237 614 2273 nos
621 2231 721 2286 tempus
728 2223 835 2285 diesque

58 2294 127 2344 fecit.
141 2295 261 2344 Hannibal
275 2302 370 2350 contra,
380 2295 406 2344 in
419 2295 507 2352 alieno,
519 2295 545 2342 in
556 2295 638 2344 hostili
651 2301 688 2344 est
701 2302 778 2349 terra.
791 2295 834 2342 in·

60 2373 99 2414 ter
107 2365 298 2414 omnioinimica
312 2365 466 2428 iniestuqum
477 2367 564 2426 procul
571 2366 602 2414 ab
609 2366 690 2419 domo.
698 2365 729 2412 ab
737 2365 832 2426 panim

61 2446 141 2496 neque
154 2435 194 2485 illi
209 2441 367 2499 terrenoque
386 2435 450 2484 mari
466 2441 505 2484 est
521 2449 582 2496 pou
597 2436 672 2484 nullae
688 2449 745 2485 eum
759 2436 833 2486 urbes

60 2504 193 2567 accipiunt,
204 2505 274 2553 nulla
284 2507 388 2562 moenie;
404 2505 466 2555 nihil
476 2519 581 2567 usquam
588 2504 626 2553 sui
635 2506 714 2564 ridet3
727 2505 754 2555 in
764 2506 831 2555 diem

60 2580 129 2636 cepto
140 2573 177 2638 (l)
190 2572 252 2623 sivit
259 2588 267 2631 ;
279 2581 378 2637 partem
386 2575 425 2623 vix
436 2575 535 2623 tertiam
544 2575 668 2627 exercitus
677 2578 730 2641 ejus
746 2579 830 2637 hobel,

62 2696 118 2753 pexi
134 2709 164 2741 ec
180 2697 269 2749 animo,
281 2710 337 2753 pour
351 2710 434 2742 moun-
460 2702 483 2742 le
496 2712 576 2753 unum,
597 2713 676 2746 coron
694 2704 718 2747 te
735 2716 789 2748 ono.
804 2726 830 2738 -

62 2757 233 2802 monimum
249 2770 331 2803 mcum.
344 2782 366 2792 -
377 2760 398 2804 2.
408 2759 431 2804 G.
459 2761 480 2805 d.
490 2761 561 2818 Copto
578 2763 649 2819 (leq-ou
664 2764 703 2808 dos
715 2767 830 2809 meilleur-s

62 2819 313 2873 flammiscentem
331 2832 397 2877 vopei
411 2820 433 2864 le
459 2823 596 2877 manuscrits)
607 2829 640 2866 est
652 2836 696 2867 uno
705 2827 835 2881 expression

62 2880 222 2933 uenationes,
250 2892 271 2936 p.
295 2881 343 2926 loo.
366 2901 394 2914 ·-
409 2881 432 2927 3.
459 2885 497 2940 qui
520 2886 624 2931 convient
643 2888 722 2933 mieux
741 2901 773 2932 uu
789 2899 847 2942 suqs

62 2942 431 3002 namnum-mpod
457 2951 479 2991 et
496 2949 568 2995 culmo
588 2950 674 2998 usurus
697 2964 747 3008 que
770 2952 859 3005 rupto.
