1904 3216
277 109 314 158 Ex
331 109 399 159 Lll'll
416 109 503 160 aluno
519 110 611 161 xxxtl.
783 66 832 158 235

169 222 263 271 lertius
273 221 326 282 jam
341 225 428 272 consul
439 224 566 274 summani
579 224 647 288 gerit
662 223 832 274 bellumsul·

158 296 184 340 in
194 292 247 354 ipsa
255 293 391 342 llscedonia
403 307 556 355 congressus,
567 294 632 345 ludit
639 293 782 356 fugavitque
791 308 830 343 re-

143 368 228 411 ›artem
246 364 461 425 opulentissimam
476 365 548 427 regni
571 366 626 428 ejus
645 367 827 428 depopulatus:

136 433 265 487 Quinctius
273 436 511 484 tenentemclaustra
520 435 598 497 Epiri,
608 443 697 485 natura
703 436 761 490 loci,
774 448 826 483 mu·
870 478 872 482 Α

115 504 186 559 entis,
209 505 319 554 exercitu
341 505 441 561 iretaun,
469 505 556 554 castris
580 505 663 561 eruin
687 505 827 568 lugientem

101 573 242 622 thessaliam
254 583 405 635 persecutus,
419 574 534 638 presidia
549 574 618 638 regia
627 575 757 638 sociasque
774 575 828 638 ejus

88 652 131 694 nes
144 658 221 707 prope
231 645 256 693 in
271 652 402 708 conspectu
416 646 483 707 regis
494 645 572 708 ipsius
589 646 748 709 expugnavit.

88 714 123 764 lle
133 715 184 763 sint
192 728 258 771 vera,
274 729 329 777 quae
342 715 503 765 Athenienses
514 716 587 765 modo
602 715 685 779 legati¹
695 716 725 766 de
739 715 833 767 crude·

56 785 137 841 litate,
159 785 272 841 avaritia,
299 784 403 833 libidine
420 786 488 847 regis
502 786 618 835 dixerunt
631 801 638 833 ι
653 785 716 836 nihil
732 786 763 836 ad
784 798 831 835 nos

56 861 199 923 pertineant
213 874 268 924 qum
280 860 306 908 iu
325 868 392 909 terra
407 859 485 909 llttica
500 861 594 910 scelera
611 859 638 910 in
652 875 758 924 superos
767 861 830 910 inle-

56 941 149 992 rosque
157 928 216 977 deos
228 937 284 975 sunt
295 927 413 987 admissa,
422 930 502 979 multo
512 931 832 996 minasquaecianitbyde·

55 1000 143 1060 nique.
156 996 199 1060 qui
211 997 299 1058 procul
311 998 341 1046 ab
353 998 423 1048 ambis
437 999 538 1057 pisunt,
558 1001 625 1064 passi
638 1009 714 1051 sunta
732 1009 830 1053 nostro·
845 996 848 1001 ’

55 1081 114 1116 rum
130 1067 177 1130 ipsi
192 1068 332 1123 uulnerum.
347 1069 368 1117 si
386 1069 468 1124 vultis,
484 1068 674 1126 obliviscamur,
697 1071 775 1119 caedes
792 1070 829 1118 di-

56 1138 231 1202 reptionesque
249 1139 371 1188 honorum
388 1138 503 1187 Messenae
521 1138 549 1187 in
563 1138 644 1188 media
662 1139 832 1202 Peloponneso

55 1207 141 1263 lactas.
164 1217 189 1258 et
216 1210 336 1271 hospitem
357 1209 500 1272 Cyparissiae
531 1207 580 1274 (li)
608 1210 746 1259 Garitenem
772 1223 829 1259 con-

56 1285 95 1327 tra
105 1279 148 1339 jus
164 1292 236 1327 omne
248 1292 275 1327 ac
291 1282 326 1327 tas
341 1280 405 1327 inter
421 1280 507 1341 epulas
525 1293 602 1342 prope
619 1279 685 1341 ipsas
700 1280 828 1335 occisum

56 1353 82 1397 et
101 1350 203 1397 aratum
226 1357 321 1411 patrem
343 1350 470 1411 filiumque
495 1350 621 1413 Sicyonios
642 1363 720 1411 quum
743 1363 830 1400 senem

57 1418 183 1468 infelicem
204 1424 331 1480 parentem
352 1420 427 1469 etium
442 1420 569 1482 appellare
588 1419 675 1469 solitus
692 1427 762 1476 esset,
786 1419 830 1469 in·

55 1488 198 1545 terfectos;
221 1488 267 1538 filii
286 1490 341 1550 ejus
361 1502 463 1539 tuorem
481 1489 595 1540 libidinis
616 1503 690 1539 causa
709 1490 735 1538 in
755 1490 829 1540 llaoe·

55 1558 156 1608 doniam
175 1567 325 1623 asportatam
343 1568 445 1610 :cetera
462 1561 556 1622 flagitia
571 1561 598 1610 in
615 1560 724 1621 virgines
734 1566 831 1610 matro-

55 1642 151 1690 nasque
168 1630 298 1679 commissa
317 1630 435 1679 oblivioni
452 1632 543 1679 dentur
561 1646 567 1675 :
590 1644 621 1679 ne
642 1630 693 1679 sint
708 1643 764 1679 cum
775 1631 830 1679 Phi-

55 1699 124 1761 lippo
141 1714 192 1756 res,
208 1701 278 1762 cujus
297 1700 452 1750 crudelitatis
468 1707 536 1748 metu
551 1700 711 1750 obmutuistis
720 1714 806 1749 omnes
822 1717 828 1747 :

58 1786 117 1824 nam
134 1783 189 1832 quae
201 1771 247 1817 alia
256 1771 353 1819 tacendi
367 1771 490 1820 aduocatis
502 1771 528 1818 in
540 1770 676 1820 concilium
687 1785 762 1820 causa
775 1773 833 1820 est?

56 1853 115 1889 cum
129 1839 258 1901 Antigono,
271 1841 403 1891 mitissimo
416 1840 591 1902 acjustissimo
603 1853 670 1904 rege,
682 1850 707 1890 et
717 1841 748 1890 de
761 1841 830 1889 nobis

55 1908 174 1958 omnihus
201 1909 293 1972 optime
318 1909 416 1965 merito,
432 1909 602 1968 existimemus
625 1908 831 1970 disceptationem

55 1991 111 2028 esse
128 1992 207 2028 :num
231 1979 256 2027 id
274 1980 409 2041 postularet
433 1979 513 2029 lacere
533 1992 589 2034 nos,
612 1979 677 2041 quod
704 1978 760 2026 fleri
781 1991 829 2026 non

56 2049 156 2109 posset?
181 2049 313 2098 Peninsula
334 2056 372 2098 cst
394 2050 586 2111 Peloponnesus,
603 2049 715 2109 angustis
743 2047 831 2097 isthmi

56 2118 170 2168 lancibus
179 2120 315 2168 continenti
330 2119 469 2175 adhaerens,
484 2119 546 2168 nulli
571 2118 681 2180 apertior
693 2131 774 2180 neque
787 2131 831 2181 op·

56 2188 197 2253 portamur,
213 2203 286 2251 quam
303 2191 382 2239 navali
406 2189 482 2238 bello.
498 2189 524 2238 si
535 2196 635 2238 centum
647 2196 719 2238 tectae
728 2187 776 2252 (151
785 2202 832 2237 na-

57 2269 132 2312 asset
141 2261 681 2324 quinquagintalevioresapertae,ettriginta
689 2260 832 2324 Issaici(ll)

56 2332 135 2382 lembi
159 2333 311 2382 maritimam
326 2347 395 2384 oram
414 2340 511 2382 vastare
528 2337 555 2382 et
568 2333 690 2394 expositas
707 2345 784 2396 prope
805 2332 832 2382 in

57 2403 119 2467 ipsis
134 2405 254 2456 litoribus
273 2406 347 2454 urbes
362 2404 484 2468 coeperint
500 2416 653 2466 oppugnare,
672 2403 699 2453 in
714 2403 833 2454 mediten-

58 2489 147 2525 raneas
158 2476 253 2525 scilicet
267 2490 312 2525 nos
325 2476 400 2526 urbes
412 2474 581 2537 recipiemus?
591 2476 713 2537 Tanquam
730 2488 780 2524 non
796 2475 833 2524 in·

57 2642 138 2687 bellun
154 2655 209 2699 cess.
226 2666 253 2675 -
271 2644 304 2688 tt.
322 2644 431 2701 Cyparis-
459 2641 543 2698 pontes.
559 2643 635 2687 -1t.
654 2642 736 2687 [malci
755 2643 831 2695 emti,

57 2705 104 2756 sic,
140 2717 168 2748 en
199 2717 250 2759 grec
277 2714 429 2760 κυιιρισσήιις,
459 2705 833 2760 cltaloupesdesltani,habitunts

58 2764 113 2808 dans
123 2766 143 2808 la
153 2765 264 2809 Messenia.
274 2789 301 2798 -
314 2767 348 2810 15.
361 2767 431 2810 Tectae
458 2766 535 2813 tl'lssa.
545 2766 576 2809 lle
592 2767 620 2811 ds
634 2766 656 2811 la
675 2779 723 2812 mer
743 2768 837 2810 adriati-

58 2838 116 2882 pour
124 2830 259 2879 constratae,
270 2826 308 2870 des
319 2828 432 2871 vaisseaux
459 2840 504 2886 quo
