1906 3690
127 276 175 327 att
306 333 307 336 Ἴ
431 271 592 324 ontmonus

68 386 71 393 '
127 391 264 442 mulierum
277 388 362 453 iussis,
379 403 436 454 qnare
450 389 535 453 Oppiis
543 388 666 452 quondam
682 387 793 452 aliisque
808 387 911 453 legibue

128 461 277 518 constrictae,
287 474 363 518 nnnc,
374 460 464 511 vinclis
481 459 606 519 exsolutis,
624 459 719 516 domos.
735 458 801 518 iore,
811 459 867 524 jam
884 467 911 513 et

128 532 253 583 exercitus
269 536 393 595 regerent.

492 689 540 739 XVI

159 831 217 895 Gap.
232 831 271 880 at.
284 828 369 879 Oratio
385 828 488 948 Valeri}
492 829 621 879 Messalini
646 830 752 880 cnctnoe
772 845 880 891 respon·

488 900 561 950 entis.

160 1040 233 1090 llulta
245 1039 339 1090 duritie
349 1040 383 1106 (i)
395 1047 506 1090 veterum
517 1040 543 1090 in
557 1040 647 1089 melius
662 1046 687 1090 et
699 1041 783 1092 laetius
792 1049 906 1094 mutata:

126 1123 210 1174 ireque
225 1110 300 1170 enim,
312 1115 339 1159 ut
352 1110 419 1169 olim,
432 1111 541 1161 obsideri
566 1111 654 1159 Urbem
664 1110 737 1160 bellis
752 1116 797 1161 aut
805 1113 909 1174 provin-

128 1182 179 1232 cias
192 1181 296 1232 hostiles
316 1195 378 1231 esse.
395 1182 424 1231 itt
440 1196 517 1245 panea
535 1180 689 1231 feminarum
714 1182 908 1236 necessitatibus

128 1252 238 1309 concedi,
251 1265 308 1316 quae
321 1265 353 1302 ue
366 1253 501 1315 conjugum
516 1251 617 1316 quidem
629 1259 730 1315 penates
737 1249 780 1316 (Ξ),
793 1254 857 1305 adeo
868 1268 909 1306 so-

128 1321 179 1370 cios
198 1334 249 1370 non
260 1324 379 1378 onerent;
396 1327 478 1370 cetera
501 1319 645 1384 promiscua
662 1333 719 1370 cum
739 1320 842 1381 marito,
861 1337 909 1375 nec

128 1390 210 1439 ullum
220 1391 247 1439 in
258 1405 287 1440 eo
296 1391 364 1454 pacis
378 1389 595 1452 impedimentum.
608 1389 676 1439 Bella
687 1389 761 1452 plane
772 1391 805 1453 (5)
817 1392 908 1444 acciu-

128 1460 176 1510 ctis
187 1461 300 1510 obeunda
311 1475 318 1509 t
329 1460 373 1510 sed
384 1461 569 1511 revertentibus
584 1468 641 1522 post
657 1459 768 1510 laborem
778 1463 847 1524 quod
859 1464 908 1515 ho·

128 1533 225 1582 nestins
244 1545 318 1595 quam
334 1533 450 1582 uxorium
464 1533 632 1582 levamentum
643 1532 733 1582 t-tt
743 1534 869 1595 quasdam
880 1534 908 1585 in

129 1600 289 1650 ambitionem
301 1607 345 1651 aut
351 1601 479 1652 avaritiam
487 1603 622 1665 prolapsas.
635 1601 715 1658 ouidi
725 1601 841 1665 ipsorum
852 1618 909 1655 ma·

128 1669 277 1729 gistratuum
290 1684 370 1720 nonne
380 1672 511 1735 plerosque
525 1670 754 1721 variislibidinibus
765 1670 908 1724 obnoxios?

127 1753 177 1788 uon
190 1747 274 1788 tamen
282 1739 337 1789 ideo
347 1741 473 1790 neminem
492 1741 519 1789 in
529 1740 685 1802 provinciam
703 1741 779 1790 mitti.
794 1767 829 1779 —
846 1744 908 1795 Cor·

127 1817 215 1872 ruptos
229 1823 293 1873 saepe
304 1809 468 1873 pravitatibus
484 1824 592 1860 uxorum
612 1811 722 1861 maritos.
747 1812 818 1862 liunc
844 1828 908 1879 ergo

128 1895 214 1932 omnes
221 1882 318 1932 caelibes
328 1881 716 1945 integros‘iPlacuissequondam
725 1882 818 1947 Oppias
827 1885 906 1949 leges,

128 1952 165 2002 sic
177 1952 331 2015 temporibus
343 1951 486 2014 reipublicae
500 1952 682 2016 postulantibus
694 1970 700 2001 :
715 1953 851 2006 remissum
861 1957 908 2008 ali·

128 2023 190 2086 quid
203 2029 287 2087 postca
302 2029 327 2072 et
342 2023 492 2086 mitigatum,
509 2023 568 2086 quia
581 2022 724 2087 expedierit
738 2024 844 2076 Frustra
861 2041 907 2078 no-

128 2099 207 2143 stram
220 2092 345 2155 ignaviam
360 2093 409 2143 alia
429 2094 459 2143 ad
482 2095 600 2144 vocabula
618 2094 648 2158 (il
673 2094 827 2167 transferri:
846 2110 906 2147 nam

127 2162 176 2213 viri
190 2162 217 2212 in
229 2176 258 2213 eo
269 2163 375 2226 culpam,
390 2163 411 2213 si
421 2164 512 2213 lemine
525 2165 628 2213 modum
637 2165 745 2215 excedat.
768 2165 849 2218 Porro
872 2168 905 2218 ob

128 2321 244 2371 mulciber,
256 2320 349 2364 atrine.
363 2323 393 2364 tu
408 2322 501 2376 quetde
530 2327 612 2374 teram,
624 2336 679 2378 pour
695 2321 770 2365 malta
786 2335 816 2367 ex
836 2325 905 2372 darie

129 2383 149 2426 la
158 2383 185 2425 loi
204 2382 322 2437 Oppianus,
336 2394 381 2438 vop.
403 2382 434 2425 les
445 2381 500 2426 bisc.
528 2383 903 2439 morttasoeterumilpeutaussl

128 2444 182 2497 CLV,
192 2443 250 2486 CLV!
262 2443 289 2486 dc
298 2443 415 2487 Tite-Line.
528 2446 574 2488 ttre
584 2445 662 2489 ablatis
669 2444 792 2499 dependant
798 2446 839 2490 des
845 2460 905 2493 oom-

154 2504 207 2549 xvi.
227 2506 247 2547 1.
268 2505 340 2549 linita
357 2505 446 2549 cartae
462 2519 501 2548 oe·
528 2507 619 2560 paratiis
630 2505 742 2549 meliucet
757 2505 905 2558 latitantibus

129 2571 205 2610 terum
225 2566 251 2610 in
269 2566 377 2610 melius...
400 2570 498 2609 mutata.
528 2569 707 2621 ceseus.·multo
717 2567 845 2612 mutatain
855 2581 904 2613 me.

129 2627 146 2670 ll
160 2634 193 2670 est
213 2626 257 2670 fort
273 2626 362 2671 difficile
376 2627 403 2670 dc
412 2627 501 2672 decidet
529 2627 574 2671 lius
585 2632 608 2670 et
617 2628 694 2671 tatius
705 2640 775 2684 quom
785 2627 845 2673 dari
856 2642 905 2676 mo·

129 2690 156 2731 de
167 2688 240 2743 quelle
258 2689 356 2732 mamere
372 2688 447 2732 iliani
463 2701 503 2732 en·
529 2702 565 2732 rea
588 2692 692 2732 veterum
710 2688 827 2743 [erebant.
841 2713 871 2724 -
881 2691 903 2736 2.

129 2750 205 2792 tendre
213 2751 241 2792 ici
254 2751 273 2793 le
283 2758 328 2794 mot
337 2749 433 2793 duritie.
442 2750 501 2793 lieux
528 2750 630 2800 Penates,
643 2762 682 2807 par
694 2748 836 2804 mttoup'mie,
847 2763 905 2806 pour

128 2810 266 2862 explicatione
278 2824 302 2854 se
320 2811 447 2868 presentent
462 2813 500 2868 qui
528 2824 577 2854 rem
584 2811 736 2865 familiarem.
749 2810 818 2862 Adeo,
830 2813 904 2869 ipius

127 2871 238 2914 :ambient
257 2871 381 2928 egolement
409 2873 500 2916 bonnas.
528 2872 584 2915 forte
596 2871 839 2923 raison.-5.P1atte.
850 2887 903 2920 sans

120 2933 217 2978 llaritie
231 2942 287 2992 petit
304 2936 354 2981 ttae
373 2933 453 2992 pinitii
471 2948 507 2978 ar·
534 2934 609 2976 acuis.
628 2955 655 2964 -
672 2933 694 2974 t.
715 2931 749 2973 inl
764 2933 817 2974 ulia
835 2944 903 2978 occa

112 2994 232 3053 cnutone.-
247 2999 330 3046 mnlto
352 2997 462 3045 duritiei
478 3009 514 3040 oe·
544 2993 671 3042 balmam
681 2991 922 3039 &tlllssmmlw
