1904 3216
74 118 121 168 llo
381 116 546 169 culmontis

75 232 142 282 intra
148 232 231 282 locum
238 233 329 282 sistere
338 249 344 280 :
353 233 397 282 sed
405 233 442 282 illi
451 233 612 295 magistratus
618 237 643 282 et
656 231 792 295 primores,
805 235 852 298 qui

75 309 100 352 te
106 302 186 352 invito
192 308 360 366 perrumpunt
366 304 568 366 omnibusquede
575 305 651 353 rebus
658 305 803 364 consulunt,
810 319 852 356 ex·

75 373 237 435 cessissejam
242 373 341 437 pridem
355 380 470 438 equestre
485 373 656 438 fastigiumlb)
663 374 789 438 longeque
805 389 853 426 ari-

74 444 134 494 tlsse
146 443 223 504 petris
246 444 297 492 mei
321 444 446 494 amicitias
467 457 516 493 non
539 443 630 494 occulti
644 445 738 504 lerum,
754 458 852 512 perque

75 512 197 561 invidiam
206 511 243 560 tui
254 527 294 561 me
303 526 402 575 quoque
414 513 536 562 incusant.

104 584 134 632 At
144 582 213 631 enim
222 586 348 645 Augustus
362 582 439 631 liliam
452 596 522 632 suam
532 581 613 644 equiti
625 582 736 633 Romano
746 585 851 635 tradere

74 653 209 703 meditatus
215 659 259 702 est.
270 653 368 710 Mirum,
376 653 487 711 hercule,
500 652 532 712 si,
541 666 620 716 quum
635 653 661 702 in
671 666 758 703 omnes
773 669 851 706 curas

74 723 264 783 distraheretur,
270 724 467 786 immensumque
473 723 554 773 attolli
560 723 851 787 provideretquemeon·

71 792 199 854 J'unctione
211 793 258 841 tali
270 806 347 855 super
361 793 424 842 alios
433 791 571 848 extulisset,
580 791 605 841 C.
614 791 773 842 Proculeium
779 792 816 858 (o)
823 801 850 845 et

73 861 848 926 quosdaminsermonibushabuitinsignitranquillitatevitte,

73 933 151 982 nullis
157 933 301 994 reipublicae
309 933 417 996 negotiis
432 932 579 996 permixtos.
595 932 641 981 Sed
653 933 675 982 si
689 933 849 987 dubitatione

72 1003 177 1065 Augusti
182 1017 320 1063 movemur,
328 1004 426 1066 quando
434 1003 541 1053 validius
547 1006 586 1051 est
592 1002 659 1064 quod
672 1001 703 1051 lt.
718 1003 846 1069 Agrippoe,

72 1087 130 1123 mox
138 1074 202 1123 mihi
213 1074 344 1124 collocavit
351 1074 408 1138 (Ui

104 1148 184 1208 Atque
201 1160 247 1208 ego
261 1148 315 1196 haec
328 1159 374 1207 pro
387 1144 499 1194 amicitia
512 1159 563 1195 non
577 1144 715 1205 occultavi;
732 1150 848 1199 ceterum

71 1230 153 1279 neque
160 1217 211 1266 tuis
218 1232 299 1280 neque
306 1217 379 1266 Liviae
393 1216 525 1266 destinatis
537 1216 697 1266 adversabor.
713 1217 770 1280 lpse
782 1220 847 1282 quid

72 1289 138 1338 intra
146 1288 258 1337 animum
273 1287 442 1346 volutaverim‚
457 1287 549 1350 quibus
559 1288 640 1338 adhuc
653 1287 848 1341 necessitudini-

72 1357 120 1407 bus
137 1358 279 1407 immiscere
295 1366 321 1409 te
338 1359 402 1408 mihi
419 1372 514 1420 parem,
527 1358 848 1420 omittamadpraesensre-

71 1426 139 1476 serre
148 1444 153 1472 :
162 1427 189 1476 id
195 1428 419 1489 tantumaperiam‚
431 1427 495 1476 nihil
502 1440 556 1476 esse
563 1435 614 1477 tam
628 1426 761 1487 excelsum,
777 1431 847 1493 quod

71 1496 233 1546 nonvirtutes
240 1497 295 1546 istae
304 1497 493 1560 tuusqueiume
499 1497 598 1546 animus
605 1499 846 1558 mereantur;dato-

72 1580 122 1630 que
128 1570 239 1630 tempore
245 1570 284 1617 vel
291 1568 319 1617 in
329 1577 417 1618 senatu
424 1569 462 1617 vel
469 1567 587 1618 concione
594 1582 643 1616 non
651 1567 771 1618 reticebo.

70 1730 117 1763 siu.
128 1740 154 1747 -
163 1717 183 1760 5.
195 1717 321 1760 necessisse
336 1719 442 1774 equestre
469 1715 522 1772 qu'il
536 1715 592 1758 etan
603 1714 647 1758 alle
660 1728 689 1758 au
701 1715 750 1759 deld
760 1715 801 1761 des
811 1718 846 1762 la·

71 1777 199 1834 [osticium.
210 1779 362 1833 Ledignitedo
372 1778 443 1834 pre'let
469 1788 534 1820 venas
550 1776 685 1832 qu'iluguste
700 1778 815 1823 accordait
832 1780 845 1823 l

70 1841 101 1883 du
114 1839 210 1894 pretoire
223 1840 311 1896 (charge
323 1853 366 1896 que
379 1840 442 1894 sejan
468 1838 574 1888 sesamis,
586 1837 640 1893 qu'il
652 1837 709 1880 nvait
720 1849 747 1879 su
759 1850 790 1882 en
802 1839 844 1883 ob-

71 1901 215 1955 remplissait)
227 1902 407 1956 donnaitlerang
415 1903 442 1944 de
467 1900 526 1943 tenir
545 1900 573 1942 de
590 1900 640 1954 plus
657 1898 753 1954 grandes
766 1900 844 1945 de'l'i·

71 1960 190 2012 chevalier;
199 1962 254 2003 mais
262 1962 324 2016 Se'Jan
333 1962 443 2017 etaitpar·
468 1961 529 2004 bere·
537 1959 844 2006 ll'autresvoientdansnmt'-

71 2034 128 2064 venu
152 2022 164 2064 d
189 2023 304 2066 rebausser
331 2024 441 2080 beaucoup
469 2023 538 2065 citios
547 2022 654 2065 l'abstrait
661 2033 716 2077 pour
724 2023 743 2064 le
754 2033 844 2069 concret

71 2089 128 2125 cette
139 2083 223 2137 dignito
235 2097 241 2126 ι
255 2085 282 2127 de
294 2085 315 2127 ln
326 2099 350 2128 ee
366 2098 442 2142 repro·
470 2092 492 2127 ct
503 2085 645 2139 l'eipliquent
655 2095 695 2139 par
709 2084 808 2129 amicos.
817 2110 843 2120 -

71 2143 171 2199 obequ’il
181 2144 320 2189 s'etaitdlevd
329 2146 441 2203 beaucoup
469 2147 490 2189 6.
509 2146 643 2196 Proculeius,
659 2145 779 2198 chevalier,
798 2148 843 2191 emi

71 2206 439 2261 au-dessusdurangdechevnlier,
469 2208 592 2262 d'Auguste‚
615 2207 667 2249 dont
690 2207 772 2250 Horace
802 2209 844 2252 isit

70 2273 92 2309 et
112 2267 166 2322 qu'il
186 2269 243 2310 avait
264 2270 327 2324 (pour
344 2272 441 2314 traduire
469 2283 499 2312 un
512 2270 644 2324 magnilique
662 2268 724 2325 elego
744 2270 801 2314 dans
821 2271 843 2315 la

71 2328 139 2370 moti
155 2332 207 2382 mot)
228 2330 317 2386 depassd
331 2333 358 2375 do
377 2334 441 2375 benu-
468 2331 630 2374 deuiiemeode
641 2329 672 2373 du
683 2330 763 2374 second
775 2330 841 2381 livre.

70 2402 125 2444 coup
135 2389 166 2431 les
174 2390 261 2433 amitie's
270 2393 441 2449 ‹l'Auguste,po-
468 2406 487 2434 v.
503 2394 523 2436 5.
535 2401 556 2437 et
567 2394 623 2436 suiv.
634 2416 662 2426 -
671 2394 692 2437 l.
704 2392 842 2444 Collocavit.

71 2451 441 2509 trisneeiumioitias,c'est·l-dire
468 2460 544 2498 s.·eut.
557 2454 640 2511 filiam.
