1904 3216
304 198 342 247 ut
357 199 428 249 ttvtl
444 198 532 247 liutto
548 196 646 247 xxxiv.
814 197 859 249 t5t

86 313 236 376 Pythagoras
247 314 294 364 iste
309 328 388 376 gener
399 320 458 364 tuus
471 327 540 376 paene
554 314 581 363 in
595 314 673 365 oculis
686 317 749 365 meis
763 315 858 366 edidit'l

85 398 161 447 quam
174 390 203 432 tu
217 384 278 445 ipse,
290 397 368 446 quum
376 385 428 446 jem
438 398 515 447 prope
528 385 654 433 infinibus
663 385 860 435 Lecedaemonio-
911 400 914 405 ⁴

87 469 143 504 rum
162 454 258 503 essem?
277 456 394 515 Agedum,
412 468 473 516 quos
487 455 513 503 in
526 456 646 504 concione
660 457 858 520 comprehensos,

86 525 200 575 omnibus
214 525 372 575 audientibus
383 526 478 575 civibus
495 526 553 585 tuis,
565 526 591 575 in
605 527 717 577 custodio
727 527 860 577 tehehitu·

86 610 143 644 rum
160 609 212 645 esse
222 595 402 657 pronuntiasti,
413 594 475 657 jube
492 595 588 645 vinctos
603 596 716 658 produci,
735 602 762 645 ut
773 596 860 646 miseri

86 672 210 729 parentes,
220 679 283 728 quos
298 666 360 715 salso
376 666 471 728 lugent,
486 665 571 716 rivere
585 666 672 715 sciunt.

119 736 148 783 At
163 735 238 792 enim,
254 741 281 783 ut
294 734 345 797 jum
363 736 399 785 ita
413 736 464 785 sint
476 736 538 793 haec,
552 736 614 799 quid
630 736 661 786 ad
674 749 727 795 ms,
740 735 860 787 Romanii

87 806 135 855 Hoc
146 812 174 855 tu
184 805 252 854 dices
267 805 429 855 liberantibus
439 805 574 857 Groeciam?
584 808 631 857 hoc
644 807 685 861 iis.
696 807 749 870 qui,
758 812 788 856 ut
798 807 860 857 lihe-

88 889 142 925 rare
155 883 260 938 possent,
273 889 342 925 mare
356 875 517 938 trajecerunt,
527 882 593 927 terre
606 878 719 938 marique
729 882 861 939 gesserunt

86 946 196 997 helluini
205 947 290 996 -los
300 954 392 1004 tamen,
405 947 497 1009 inquis,
509 954 665 1010 vestrumque
676 947 813 997 amicitiam
830 961 860 999 oc

87 1017 229 1067 societatem
243 1018 344 1080 proprie
353 1031 404 1067 nou
415 1017 513 1067 violavi.
525 1018 626 1074 Quoties
636 1018 673 1068 vis
687 1026 712 1068 te
720 1017 747 1067 id
756 1031 861 1079 arguam

87 1088 196 1137 iecisse?
209 1089 255 1138 Sed
268 1089 326 1138 nolo
340 1087 475 1151 pluribus:
490 1102 614 1137 summum
628 1102 682 1138 rem
698 1090 859 1151 complector.

87 1157 180 1212 Quibus
190 1159 269 1219 igitur
277 1159 352 1209 relius
359 1159 470 1208 amicitia
478 1157 602 1207 violator-t
610 1159 702 1222 Nempe
710 1159 860 1211 hismuxime

86 1228 189 1285 duobus,
202 1229 223 1276 si
234 1229 313 1278 socios
319 1242 386 1277 meos
394 1228 652 1291 prohmtihushaheos
662 1244 669 1285 ;
684 1228 706 1278 si
716 1242 773 1279 cum
778 1230 861 1279 hosti-

85 1298 133 1347 bus
144 1305 168 1348 te
177 1298 320 1361 conjungas.
333 1299 490 1361 Utrumqueo
501 1306 525 1348 te
539 1299 683 1349 factumest.
693 1300 753 1350 llum
762 1308 787 1350 et
799 1302 859 1350 iles·

86 1381 171 1425 senen,
184 1382 233 1417 uno
248 1375 322 1431 utque
336 1368 487 1431 eodemjure
497 1369 604 1427 foederis,
616 1382 665 1432 quo
674 1376 699 1419 et
712 1370 861 1419 mceoaemo

86 1450 152 1494 nem,
165 1437 337 1486 inimicitiam
348 1444 460 1487 nostram
470 1446 603 1500 occeptum,
615 1438 697 1488 socius
706 1439 760 1502 ipse
768 1439 860 1489 sociem

86 1505 158 1555 nobis
173 1507 260 1554 urbem
281 1507 304 1556 ri
319 1515 395 1570 atque
407 1507 485 1556 armis
502 1507 590 1569 cepisti
605 1524 611 1554 :
630 1513 723 1557 etcum
737 1506 858 1572 Philippo,

86 1577 156 1627 hoste
170 1585 261 1632 nostro,
276 1591 325 1626 non
340 1578 484 1626 societatem
498 1579 586 1633 solunt,
603 1578 656 1635 sed,
672 1577 693 1627 si
708 1577 757 1627 diis
770 1579 858 1642 placet,

87 1647 233 1697 affinitatem
242 1648 318 1697 etiem
328 1662 373 1711 per
382 1647 515 1697 Philoclem
525 1648 666 1710 preelectum
672 1647 724 1710 eius
733 1650 859 1712 pepigisti,

87 1725 119 1777 et,
134 1718 229 1767 bellum
244 1719 362 1767 adversus
378 1718 695 1780 nosgerens‚inot·eci1·oa
711 1719 810 1769 lluleom
824 1721 860 1785 (8)

86 1785 208 1837 infestum
218 1788 322 1837 naribus
336 1788 448 1849 piraticis
460 1788 541 1837 iecisti
553 1804 559 1836 ε
573 1794 598 1837 et
610 1790 695 1852 plures
704 1803 781 1852 prope
794 1792 860 1841 eires

85 1856 299 1919 nonnumquam
307 1859 443 1921 Philippus,
454 1858 541 1920 cepisti
551 1859 745 1920 etqueoccidisti
753 1862 860 1918 ;tutior-

86 1940 136 1991 que
149 1927 294 1977 llacedooiae
319 1943 371 1985 orn,
388 1942 462 1990 quam
485 1929 681 1991 promontorium
696 1930 778 1979 llaleae
795 1945 861 1980 com·
880 1960 883 1965 ·

86 2004 184 2047 meatus
199 1998 231 2046 ud
245 1999 367 2048 exercitus
384 2005 479 2047 nostros
500 1998 659 2062 portantibus
677 1999 781 2050 novibus
801 2002 859 2053 luit.

87 2066 193 2117 Proinde
204 2082 285 2129 perce.
301 2069 335 2117 sis
351 2068 395 2131 (ll),
411 2069 485 2117 ttdon
497 2083 525 2118 ac
539 2070 597 2130 jum
611 2070 734 2119 societatis
746 2071 858 2133 juctare;

86 2145 121 2195 et,
134 2138 224 2186 omissa
239 2138 353 2201 populari
363 2139 484 2194 oratione,
494 2145 612 2201 tanquam
624 2145 742 2201 tyrannus
751 2145 775 2188 et
783 2141 861 2191 hostis

86 2208 199 2271 loquere.

87 2331 460 2387 cdddmoniensdespremiiresin·
487 2347 525 2376 suc
543 2346 583 2376 nos
600 2345 691 2389 cerens,
708 2346 795 2377 nonen
813 2334 860 2377 loce

87 2393 171 2445 milles;
181 2407 226 2450 roy.
242 2394 263 2437 le
279 2396 314 2437 ch.
331 2393 366 2437 tt.
381 2394 458 2438 G'estd
488 2397 534 2448 (cur
543 2396 601 2438 alors
608 2395 624 2438 il
632 2397 723 2450 leignait
730 2397 797 2440 d'dtre
804 2408 860 2452 pour

86 2466 112 2497 ce
130 2456 169 2497 luit
191 2468 234 2511 que
261 2468 284 2497 se
310 2462 412 2510 ropporte
438 2457 459 2499 lo
486 2457 520 2500 les
536 2457 657 2510 Romaim),
674 2458 729 2500 mois
743 2459 861 2502 indirecto·

87 2516 166 2571 phrase
191 2530 197 2559 ι
222 2517 323 2572 Aperiunt
350 2530 409 2572 piton
436 2518 462 2561 in
488 2517 860 2574 mentporlncouduite.Peut-etrc

87 2577 197 2621 concione
215 2578 423 2633 comprehensum...
435 2602 463 2612 -
490 2579 618 2635 (ditllulrert
636 2580 711 2623 lunt-il
727 2582 769 2625 lire
780 2596 785 2624 ι
796 2586 819 2626 et
834 2595 859 2625 ur

87 2638 202 2689 8-llulen,
220 2641 294 2691 llnlie„
311 2645 461 2696 proiuontoiro
489 2643 608 2686 bellum...
629 2655 753 2699 perettu-
776 2646 796 2688 9.
815 2645 859 2699 δίε,

88 2700 115 2742 de
125 2700 145 2743 lu
160 2702 258 2745 Locouic.
270 2704 360 2746 Bellum
377 2704 462 2747 orirer*
488 2705 622 2747 contractiori
633 2704 660 2747 de
669 2705 689 2747 si
701 2706 742 2749 uic.
