1904 3216
191 158 237 208 598
493 153 656 205 nuntiatus

191 273 302 332 vidistis;
312 278 411 334 quantae
429 271 535 332 denique
548 283 615 319 nunc
624 268 685 318 mihi
697 268 777 318 turbae
786 269 945 321 concitantur

192 346 251 401 Quae
262 345 371 407 prolecto
383 343 506 392 incassum
515 341 660 401 agebantur.
670 339 691 388 si
703 339 951 403 priusquamrosser

191 415 278 464 riundi
287 415 370 473 tinem,
386 413 424 462 illi
435 411 612 461 dominationis
626 411 808 461 lacturierant:
820 413 935 473 praeserti

191 499 266 550 quom
272 485 314 533 his
320 484 435 534 civilibus
444 483 520 532 armis
534 481 598 531 dicta
610 482 666 539 alia,
681 481 724 531 sed
733 488 853 531 certatum
869 483 948 532 utrim

190 569 239 618 que
248 555 279 604 de
286 553 451 603 dominatione
457 553 485 601 in
495 552 565 601 vobis
575 551 616 601 sit.
626 550 712 612 Itaque
726 558 808 601 cetera
823 566 853 601 ex
860 552 946 602 licenti

191 630 236 674 aut
248 625 304 674 odio
318 630 361 673 aut
372 623 475 672 avaritia
487 623 514 671 in
529 629 629 684 tempus
644 636 746 671 arsere:
764 623 900 684 permansit
912 638 948 673 un

190 695 317 752 resmodo,
325 692 925 757 quaeutrimquequaesitaestetereptainposteru
942 714 947 739 ι

190 781 227 816 us
234 764 375 821 tribunicia
385 762 628 825 telumamajoribus
640 762 749 812 libertati
758 769 881 824 paratum
893 764 941 821 Qu

191 850 237 898 ego
246 850 288 884 vos
298 848 387 884 moneo
398 847 531 914 quaesoque
545 840 572 881 ut
580 833 791 914 animadvortatis.
801 847 850 881 neu
859 834 947 883 nomin

177 1048 180 1053 “
191 1047 290 1107 raverit,
298 1061 348 1097 non
355 1052 394 1096 est
400 1044 508 1094 conditio
517 1043 549 1106 (8)
558 1060 564 1090 ι
573 1044 698 1100 luisset,
678 1057 699 1092 st
708 1045 808 1094 omnino
819 1046 952 1106 quiesseti

192 1119 261 1168 Nunc
270 1117 352 1167 animo
366 1115 495 1166 advortere
508 1122 542 1170 et.
554 1114 602 1163 nisi
617 1114 735 1170 viceritis,
747 1115 863 1176 quoniam
881 1118 949 1164 omn'

191 1186 283 1249 injuria
291 1186 411 1250 gravitate
424 1183 502 1233 tutior
511 1190 556 1239 est,
564 1183 645 1231 artius
655 1182 687 1246 (9)
695 1183 829 1232 habebunt.

224 1257 376 1325 Quidcenses
385 1254 693 1316 igitur‘laliquisvostrdm
701 1254 841 1317 subjecerit.
852 1255 947 1316 Prima

192 1327 304 1377 omnium
311 1326 479 1376 omittundum
486 1338 581 1373 morem
588 1325 664 1378 bunc.
673 1338 747 1385 quem
754 1325 838 1386 agitis;
849 1326 920 1388 impl·
945 1362 948 1371 .

192 1399 293 1460 lingue,
302 1390 377 1447 animi
385 1396 475 1458 ignavi,
482 1408 533 1445 non
541 1396 608 1443 ultra
615 1395 736 1445 concionis
746 1397 829 1445 locum
838 1411 949 1447 memore

191 1468 320 1516 libertatis.
332 1468 422 1517 Deinde
431 1469 471 1530 (ne
479 1480 520 1515 vos
530 1466 561 1514 ad
571 1465 654 1515 virilia
666 1467 707 1516 illa
717 1480 811 1524 vocem,
821 1481 870 1530 quo
880 1470 948 1518 tribu

192 1552 236 1587 nos
250 1539 330 1600 plebei
346 1539 417 1587 modo
431 1536 634 1600 (ld),*patricium
648 1536 826 1597 magistratum,
837 1538 915 1587 libera
932 1555 946 1590 a

192 1606 571 1671 auctoribuspatriciissulii-agia
578 1607 817 1669 (lllmaJ'oresvoslri
823 1622 942 1670 paravere

193 1680 311 1740 quomris
324 1681 413 1737 omnis,
422 1679 537 1738 Quirites,
547 1677 574 1726 in
587 1678 655 1727 robis
669 1679 703 1727 sit
709 1683 734 1727 et
744 1692 800 1740 quae
810 1681 879 1738 jussa
894 1696 947 1731 nun

193 1763 238 1810 pro
253 1750 308 1799 aliis
315 1750 437 1808 toleratis,
454 1763 499 1812 pro
517 1748 669 1810 vobisagere
686 1754 788 1797 autnon
805 1764 879 1811 agere
893 1759 946 1800 cert

193 1821 303 1882 possitis,
321 1821 403 1870 lovem
418 1820 550 1870 aulalium
567 1833 642 1882 quem
651 1819 725 1869 deum
739 1823 906 1870 consultorem
914 1837 945 1872 ex

191 1893 323 1954 spectatis‘l
332 1892 416 1954 llagna
427 1891 715 1953 illaoonsulumimperia
723 1898 748 1940 et
755 1892 855 1941 Petrum
863 1894 935 1944 decre

193 1975 235 2010 ros
241 1962 397 2023 exsequendo
408 1968 463 2010 rata
469 1959 576 2020 efficitis,
586 1960 702 2020 Quirites,
711 1961 825 2022 ultroque
834 1961 934 2011 licentia

190 2145 215 2182 et
224 2151 253 2181 en
262 2138 362 2192 dpuisant
376 2145 425 2180 tous
433 2135 465 2179 les
474 2148 562 2192 mopens
590 2135 676 2178 avaient
685 2135 767 2179 obtenu
777 2137 853 2180 l'acrds
866 2151 905 2193 par
915 2146 935 2182 ta

193 2197 563 2254 depersuasionqueLucullusvint
589 2196 616 2239 da
632 2196 705 2240 lullae.
718 2197 767 2253 lloy.
787 2199 820 2241 les
834 2199 891 2242 llisc.
902 2200 943 2243 xx}

192 2259 300 2302 aboutda
311 2256 561 2308 lairerenoncarQuinc-
591 2264 613 2302 ct
630 2257 681 2303 XXX
698 2259 726 2302 de
744 2260 853 2304 Tite-Live
881 2286 907 2293 —
926 2265 949 2305 ll

191 2323 236 2364 aius
255 2322 265 2362 a
285 2333 325 2364 son
348 2321 477 2376 entrepriso.
496 2345 523 2353 -
541 2320 561 2364 8.
589 2320 674 2364 Libera
691 2321 722 2364 ab
737 2322 874 2365 auctoribus
882 2326 951 2378 patri

191 2383 241 2426 Non
250 2386 284 2425 est
298 2382 410 2435 conditio,
425 2395 451 2426 ce
461 2382 515 2425 n'est
524 2395 563 2437 pas
590 2380 634 2425 ciis
648 2384 775 2439 suffragia.
794 2384 834 2427 Les
849 2385 951 2439 pldbdien

193 2445 213 2486 lt
222 2446 241 2487 la
252 2445 452 2499 position‚l'ovanir
461 2445 500 2501 qui
509 2457 562 2488 rous
590 2445 676 2488 avaient
696 2446 767 2489 reussi
786 2446 864 2501 depuis
882 2456 948 2503 quatr

193 2507 324 2551 attend.-
343 2507 364 2551 9.
384 2508 470 2560 drtt'us,
490 2509 563 2551 ortho-
590 2508 668 2551 siecles
681 2507 782 2552 drendre
796 2510 817 2553 lc
832 2510 951 2555 tribunate

194 2569 275 2623 arapha
285 2568 324 2612 des
333 2568 411 2611 sidcles
419 2568 446 2612 de
461 2569 480 2611 lo
490 2569 563 2613 bonne
590 2570 623 2613 les
631 2571 725 2614 comicas
735 2572 853 2626 partribus
866 2574 946 2616 entier·

193 2629 285 2680 latinito,
305 2642 359 2685 pour
373 2628 514 2672 arctiora—
529 2629 562 2673 10.
590 2639 650 2674 mant
665 2633 820 2688 independants
837 2635 876 2677 dar
893 2637 950 2690 patri

194 2693 240 2741 Quo
265 2698 286 2734 ct
312 2689 378 2733 modo
405 2689 493 2734 doivent
516 2692 563 2735 etro
591 2705 652 2736 erens
661 2702 683 2737 et
692 2694 721 2737 du
731 2695 799 2737 senat
815 2695 911 2738 lleslan
920 2699 944 2740 tl

189 2753 265 2804 joints
285 2752 414 2796 Patricium
437 2752 563 2809 mopiatro-
590 2753 618 2797 do
635 2754 710 2807 Rome.
730 2755 751 2798 le
769 2756 875 2800 stnatlut
888 2759 947 2802 mem

195 2814 564 2869 tumserapportcprincipalement
590 2822 644 2859 tenu
653 2817 679 2859 dc
688 2818 806 2861 condrmer
815 2818 834 2860 d'
836 2831 916 2862 araneo
928 2821 949 2864 lc

192 2889 221 2918 aa
230 2876 337 2927 consulat,
349 2874 401 2918 dont
410 2876 442 2919 les
452 2875 563 2932 plebeiam
590 2876 675 2920 ddcrets
692 2889 736 2933 que
753 2879 773 2922 le
789 2880 869 2936 peuplc
887 2880 951 2926 ‹lerai
