1904 3216
130 152 180 200 2⁰⁶
438 154 601 204 onnrtortbs

133 274 225 316 nostrae
232 265 257 314 in
264 265 600 330 aliudtempusdilierendam
611 269 719 319 arbitror
726 286 788 330 esse,
797 273 903 324 duarum

132 351 220 388 rerum
231 336 310 396 gratia
324 352 330 393 ;
346 338 429 395 unius,
445 345 472 386 ut
484 352 565 387 coram
580 341 607 388 P.
619 340 743 403 Scipione,
758 345 801 405 qui
814 344 903 395 Locros

133 407 234 470 recepit,
240 406 352 455 omnium
360 408 429 456 nobis
435 413 502 457 recte
510 422 695 472 perperamque
702 412 823 461 sactorum
832 421 902 474 teste,

133 488 238 544 agatur3
255 477 368 534 alterius,
380 479 454 538 quod,
467 480 658 542 qualescumque
669 496 765 539 sumus,
778 491 860 533 tamen
875 499 902 535 ea

130 564 188 614 quae
200 547 264 611 passi
278 560 372 601 sumus,
387 548 439 609 pati
453 561 502 596 non
513 548 654 599 debuimus.
850 611 853 619 Ι

163 619 216 668 Non
241 630 371 679 possumus
388 616 554 675 dissimulare,
575 618 660 668 Patres
683 619 829 681 Conscripti,
847 636 901 681 nos,

132 703 209 753 quum
228 686 372 750 praesidium
387 687 508 736 Punicum
526 688 552 736 in
568 703 625 738 arce
642 698 727 738 nostra
745 690 901 750 haberemus,

129 760 211 809 multa
222 757 285 807 loeda
294 763 318 805 et
330 756 433 819 indigna
444 764 469 807 el
483 772 497 806 a
510 760 630 820 praelecto
644 759 752 820 praesidii
767 762 903 813 Hamilcare

129 836 158 880 et
170 831 200 879 ab
212 827 324 877 numidis
339 827 453 890 atrisque
469 842 555 891 passos
567 843 631 878 esse.
642 831 688 878 Sed
702 830 763 891 quid
777 830 821 880 illa
833 841 899 895 sunt,

129 901 222 950 collata
242 910 300 945 cum
320 896 421 959 iisquae
438 897 512 947 bodie
532 898 660 959 patimur?
672 898 731 947 Cum
743 900 806 948 bona
822 903 901 957 venia,

132 983 223 1033 quaeso.
235 967 350 1024 audiatis,
360 967 443 1016 Patres
460 969 603 1028 Conscripti,
618 969 644 1018 id
664 972 729 1031 quod
749 970 841 1021 inritus
861 973 902 1021 di·

128 1052 196 1090 cam.
214 1036 243 1086 ln
262 1034 406 1084 discrimine
426 1043 465 1084 est
482 1050 548 1085 nunc
565 1037 700 1086 humanum
720 1052 793 1088 omne
812 1054 899 1101 genus,

131 1116 219 1160 utrum
231 1120 282 1163 vor,
292 1120 324 1155 an
339 1106 563 1168 Carthaginienses,
575 1109 703 1170 principes
722 1108 807 1172 [orbis]
820 1116 901 1161 terra-

131 1192 189 1229 rum
200 1178 292 1227 videat.
305 1176 330 1225 Si
341 1190 371 1224 ex
379 1177 412 1225 iis
420 1191 476 1238 quae
490 1177 620 1226 Locrenses
629 1186 673 1226 aut
686 1180 716 1226 ab
726 1179 774 1227 illis
784 1181 849 1241 passi
857 1196 902 1231 su-

129 1263 197 1305 anus,
208 1254 276 1297 autu
284 1254 365 1296 vestro
373 1247 487 1307 praesidio
497 1261 563 1296 nunc
575 1262 653 1310 quum
661 1249 767 1296 maxime
780 1251 900 1311 patimur,

129 1318 304 1370 aestimandum
318 1317 454 1366 Romanum
470 1331 499 1366 ac
514 1316 634 1366 Punicum
646 1318 780 1378 imperium
790 1319 835 1378 sit3
853 1334 897 1371 ne-

131 1404 173 1439 mo
187 1402 235 1437 non
256 1387 312 1435 illos
327 1386 383 1444 sibi,
395 1401 470 1448 quam
486 1400 537 1443 vos,
552 1387 665 1435 dominos
683 1394 810 1450 praeoptet.
824 1390 851 1438 Et
861 1399 901 1438 ta·

128 1473 189 1509 men
203 1458 283 1506 videte
292 1456 499 1518 quemadmodum
507 1457 637 1506 Locrenses
643 1457 670 1505 in
677 1472 719 1507 vos
727 1459 830 1508 animati
838 1460 899 1511 sint.

131 1529 211 1586 Quum
225 1542 239 1576 a
251 1525 493 1586 Carthaginiensibus
506 1525 612 1586 injurias
626 1533 694 1576 tanto
709 1528 821 1576 minores
834 1531 902 1579 acci-

130 1610 256 1660 peremus,
271 1595 301 1644 ad
318 1601 429 1643 vestrum
443 1594 616 1657 imperatorem
631 1597 804 1656 confugimus:
821 1612 901 1659 quum

129 1683 145 1717 a
160 1673 240 1716 vestro
252 1663 369 1727 praesidio
385 1665 441 1726 plus
449 1679 522 1727 quam
529 1665 628 1714 hostilia
634 1667 766 1727 patiamur,
777 1679 901 1728 nusquam

131 1738 189 1792 alio,
207 1750 282 1798 quam
299 1735 330 1784 ad
348 1747 397 1791 ros,
415 1737 528 1797 querelas
542 1735 685 1784 detulimus.
696 1736 743 1784 but
760 1749 803 1784 vos
821 1738 902 1800 respi-

131 1808 202 1857 cietis
215 1806 322 1868 perditas
335 1819 375 1854 res
384 1813 489 1862 nostras,
504 1815 585 1869 patres
597 1806 747 1868 Conscripti3
759 1814 801 1855 aut
821 1821 852 1856 ne
868 1809 901 1858 ab

129 1877 180 1927 diis
189 1877 290 1939 quidem
300 1876 482 1926 immortalibus
494 1878 561 1940 quod
570 1889 701 1940 precemur
708 1877 844 1940 quidquam
855 1892 900 1929 su·

130 1955 221 2011 perest.

163 2017 192 2075 0.
208 2016 343 2066 Pleminius
352 2017 450 2078 legatus
460 2019 551 2067 missus
563 2024 601 2068 est
609 2031 667 2067 cum
674 2016 789 2078 praesidio
796 2017 826 2065 ad
834 2019 900 2067 reci·

130 2088 234 2151 piendos
249 2103 264 2136 a
283 2088 526 2151 Carthaginiensibus
541 2088 637 2146 Locros,
649 2096 675 2136 et
692 2101 748 2136 eom
767 2088 853 2136 eodem
864 2089 900 2141 ibi

130 2157 233 2206 relictus
254 2163 292 2206 est
307 2155 533 2218 praesidio.1nboc
549 2157 631 2217 legato
651 2162 732 2204 restro
746 2156 818 2218 (dant
832 2158 901 2209 enim

128 2226 244 2274 animum
257 2223 449 2286 adloquendum
462 2223 539 2272 libere
551 2224 647 2273 ultimae
665 2223 783 2285 miseriae)
798 2239 845 2274 nec
856 2227 901 2276 ho-

130 2295 207 2343 minis
216 2294 352 2357 quidquam
361 2300 406 2349 est,
414 2293 499 2344 Patres
507 2293 750 2355 Conscr·ipti‚praetcr
759 2296 868 2355 liguram
875 2303 901 2345 et

130 2365 253 2426 speciem3
274 2377 356 2427 neque
378 2364 480 2414 Romani
501 2364 571 2420 civis,
588 2372 680 2426 praeter
693 2363 807 2413 habitum
824 2366 901 2414 vesti-

129 2438 236 2494 tumque
245 2440 269 2482 et
283 2446 372 2482 sonum
380 2432 469 2482 batinae
482 2432 582 2494 linguae.
590 2433 675 2489 Pestis,
684 2447 712 2481 ac
720 2432 801 2482 bellua
810 2433 900 2482 imma·

130 2503 179 2557 nis.
193 2504 279 2564 quales
296 2505 389 2551 fretum
406 2502 599 2565 quondamque
616 2503 645 2551 ab
657 2502 740 2550 Sicilia
754 2502 898 2560 dividimur,

129 2574 159 2622 ad
166 2572 474 2634 pernicicmnavigantium
481 2572 851 2622 circumsedissembulaelerunt
857 2572 898 2634 ld).

130 2642 162 2690 bc
174 2643 195 2690 si
203 2643 469 2705 scelnslibidinemquc
480 2643 777 2702 etararitiamsolusipse
786 2655 900 2692 exercere

129 2710 158 2760 in
176 2715 256 2763 socios
274 2722 368 2764 vestros
385 2715 445 2763 satis
458 2715 568 2770 baberet,
584 2727 670 2770 unam,
682 2712 827 2774 profundam
842 2713 900 2774 qui·

131 2889 158 2900 -
176 2873 195 2914 l.
215 2870 299 2922 Quales
314 2873 403 2925 fretum
423 2881 468 2924 quo
484 2881 499 2911 o
526 2867 899 2935 Siciliadiridimur....,5cpllaet
937 2928 940 2935 .
