1904 3216
11 2810 63 2888 Κ

84 189 130 240 462
391 190 552 242 ositiones

435 343 511 392 XXXV

132 465 188 527 Gap.
202 463 234 513 55
246 470 272 514 et
284 463 324 514 56.
336 463 376 515 Ad
391 479 421 513 ea
436 466 500 516 Nero
512 464 549 514 cic
558 468 637 529 ferme
658 463 793 529 respondit
807 480 817 512 .·

112 589 202 633 Instruit
209 602 249 645 par
258 589 365 645 seneque,
373 589 445 634 Neron
454 591 562 647 repoudra
569 589 726 645 sur-lechamp
735 588 749 633 a
758 587 865 633 cottone·

86 651 165 694 mande
176 651 392 705 subita-Auguste
400 652 491 695 necanda
501 650 595 707 lerepcs
603 652 616 697 ἰ
623 664 659 696 ses
666 652 730 704 nmis,
737 651 865 708 Agrippnet

86 714 185 768 iiecene;
195 714 273 757 mnisil
285 726 313 756 na
321 712 471 769 lesdepnuiila
478 715 549 770 point.
559 714 675 771 senequea
687 713 760 757 rendn
770 714 866 759 dossa·

86 776 144 816 vices
158 776 217 817 aussi
227 773 306 829 grands
315 785 321 826 ;
333 774 354 816 la
363 776 559 817 reconnnaissanca
569 774 596 818 de
605 774 678 817 Neron
685 773 734 817 doit
743 774 795 818 eine
805 774 866 819 eten-

87 835 146 878 uelle
157 843 178 878 et
190 848 225 878 ses
234 834 334 891 presents
344 848 372 878 ne
380 836 499 886 scutriem
511 834 612 891 seneque
620 835 706 878 demit
715 835 765 879 stre
777 835 801 878 le
813 846 865 891 pre·

87 897 144 938 miei·
159 896 186 939 de
202 896 269 939 Rome
279 909 286 938 ε
298 895 338 939 des
353 895 479 948 nifranchis.
491 895 530 939 des
542 895 641 939 ssutteurs
651 900 701 939 sant
717 906 802 940 encore
813 896 864 951 plna

87 958 160 1001 riches
171 970 214 1013 que
223 958 264 1000 lui.
274 980 301 988 -
315 957 370 1000 linus
380 957 543 1001 lamodemiion
551 957 578 1001 de
592 957 692 1013 seneque
701 969 730 1000 cn
739 968 771 1001 ne
779 957 865 1002 voudr·

86 1019 135 1060 voir
148 1031 191 1073 que
202 1019 351 1073 tingratitude
361 1019 391 1062 du
410 1020 500 1076 prince:
513 1017 613 1074 seneque
622 1019 702 1074 agirnit
713 1018 759 1062 mal
768 1018 798 1063 de
804 1018 865 1075 ieter

87 1087 145 1124 cette
157 1082 223 1124 honte
236 1093 275 1123 sur
284 1092 325 1124 scu
335 1081 387 1124 ami.

118 1195 187 1252 Quod
197 1194 321 1245 meditatae
334 1193 442 1244 orationi
458 1200 508 1244 tuae
523 1193 608 1243 statim
624 1207 766 1251 occurram,
777 1193 805 1244 id
813 1193 868 1259 pri·

86 1278 155 1315 mum
167 1265 204 1314 tui
220 1266 331 1314 muneris
342 1266 429 1322 haheo,
445 1264 489 1327 qui
498 1278 539 1314 me
551 1278 603 1314 nen
614 1271 722 1315 tantum
744 1266 865 1328 praevisa,

87 1336 130 1386 sed
142 1337 224 1385 subita
236 1337 268 1399 (i)
283 1337 398 1399 expedire
410 1335 523 1385 docuisti.
534 1335 629 1385 thatin
643 1349 714 1385 meus
734 1336 867 1398 angustus

86 1406 200 1468 Agrippia
212 1414 236 1455 et
244 1407 366 1456 ilaecenati
375 1419 498 1468 usurpare
508 1405 588 1455 otium
605 1411 661 1467 post
679 1403 779 1454 labores
800 1419 867 1456 con-

87 1478 171 1533 cessit.
188 1478 230 1526 sed
244 1478 271 1526 in
287 1493 316 1527 ea
327 1478 380 1540 ipsa
392 1483 470 1533 aetate,
493 1476 565 1537 cujus
590 1475 723 1524 auctoritas
746 1480 867 1526 tueantur

88 1548 208 1609 quicquid
222 1548 286 1597 illud
311 1555 336 1598 et
363 1548 544 1610 qualecumque
567 1544 698 1595 tribuisset
720 1559 727 1593 =
751 1551 867 1595 attamen

87 1626 206 1667 neutrum
220 1618 284 1666 datis
301 1632 350 1667 ase
359 1618 469 1680 praemiis
480 1616 557 1666 exuit.
573 1617 640 1667 Bello
653 1613 805 1677 etpericulis
813 1630 868 1667 me·

87 1695 212 1738 ruerant:
229 1688 255 1736 in
266 1688 306 1737 his
317 1689 385 1737 enim
392 1689 495 1750 Juventa
512 1687 618 1750 Augusti
634 1690 730 1736 versata
751 1692 799 1737 est.
816 1688 867 1737 Nec

87 1759 151 1810 mihi
161 1760 210 1807 tela
219 1765 243 1807 et
258 1773 344 1808 manus
354 1766 404 1808 tuae
418 1759 555 1808 defuissent
568 1757 596 1806 iu
606 1756 685 1807 armis
697 1756 784 1818 agenti
797 1770 805 1806 ε
821 1757 867 1809 sed

89 1830 154 1893 quod
169 1843 275 1892 pnaesens
288 1830 397 1879 conditio
407 1830 531 1891 poscebat,
543 1827 650 1885 ratione,
663 1826 777 1885 consilio,
796 1841 867 1891 pne-

89 1899 166 1962 ceptis
179 1899 321 1961 pueritiatn,
342 1899 400 1948 dein
420 1899 548 1961 juventam
573 1910 654 1947 meam
667 1895 760 1946 fovisti.
777 1897 808 1947 Et
821 1904 867 1949 tua

89 1970 190 2032 quidem
206 1983 265 2029 erga
278 1983 316 2018 me
329 1982 441 2026 munera,
465 1968 525 2016 dum
544 1966 594 2016 vita
621 1971 744 2030 suppetet.
767 1972 866 2018 aeterna

89 2047 164 2088 erunt
179 2055 184 2084 z
200 2052 254 2101 quae
265 2053 279 2086 a
291 2052 330 2087 me
342 2039 426 2094 habes,
443 2036 521 2093 horti.
537 2042 563 2085 et
576 2037 666 2092 foenus,
679 2042 704 2085 et
713 2035 790 2095 villae,
801 2038 866 2087 casi-

89 2108 246 2159 busohnoxiu
267 2115 337 2164 sunt;
352 2122 381 2156 ac
402 2107 460 2156 licet
481 2107 559 2154 multa
582 2106 722 2165 videantur,
732 2106 862 2170 plerique,

91 2180 281 2240 haudquaquam
296 2177 392 2226 antibus
406 2177 457 2224 tuis
472 2189 552 2236 panes,
574 2175 646 2237 plura
660 2175 864 2227 tenuerunt.Pu·

92 2250 133 2297 det
147 2249 242 2296 referre
261 2246 398 2302 libertinos,
417 2245 460 2307 qui
485 2244 589 2293 ditiores
613 2249 761 2308 spectantur
777 2244 866 2295 :unde

91 2319 166 2367 etiam
182 2317 269 2366 rubori
281 2315 342 2364 mihi
353 2322 400 2373 est,
415 2315 482 2378 quod
492 2312 633 2376 praecipuus
656 2312 775 2377 caritate,
800 2328 867 2365 nnn·

91 2390 151 2438 dum
167 2402 252 2437 omues
265 2388 364 2436 fortuna
379 2384 513 2434 antecellis.

122 2458 212 2506 Verum
226 2463 252 2506 et
264 2457 311 2507 tihi
325 2457 406 2506 saliua
419 2463 487 2513 aetas,
505 2456 631 2517 rebusque
643 2453 768 2503 etiructui
778 2467 867 2505 renum

92 2529 218 2579 sufficiens
230 2545 236 2588 ;
252 2536 277 2578 et
285 2543 330 2579 nos
342 2528 528 2591 primaimperii
537 2528 615 2589 spatia
625 2525 802 2588 ingredimur:
816 2526 866 2577 nisi

92 2599 155 2649 sorte
171 2607 215 2649 aut
224 2607 248 2649 te
263 2600 362 2650 Vitellio
372 2599 405 2664 (2)
417 2606 456 2650 ier
469 2598 572 2656 consuli,
582 2604 626 2648 aut
638 2611 678 2645 me
690 2596 867 2661 claudiopost-

119 2741 196 2785 XXXV.
219 2745 239 2786 1.
265 2743 361 2787 subitus
384 2748 418 2785 est
436 2754 464 2784 en
492 2740 513 2783 le
534 2738 629 2795 perede
648 2738 783 2793 l'empereur
796 2738 827 2784 de
842 2750 868 2785 cn

92 2803 185 2847 latiale
203 2810 272 2848 terme
291 2817 370 2860 propre
392 2815 463 2859 pour:
492 2815 551 2852 nom,
573 2800 661 2845 flatteur
679 2800 707 2843 de
722 2798 817 2857 Glande,
834 2802 868 2849 nt

88 2863 215 2923 ‘niprcvisc¹
235 2867 267 2911 En
286 2879 345 2923 grec,
369 2873 464 2921 etuep-
492 2862 804 2919 elevepariuitrcIsfoisau
816 2878 869 2911 con-

95 2942 173 2987 ΐιστος.
186 2959 214 2969 -
227 2934 248 2980 2.
267 2934 349 2979 Lucius
359 2928 473 2983 Viteiiius,
499 2929 560 2972 suist
567 2933 590 2969 et
598 2940 628 2969 eu
638 2926 826 2985 sequtneaucnup
840 2928 867 2973 dc
