1904 3216
87 193 133 243 522
202 186 203 190 ¹
281 237 283 244 .
396 192 555 244 sallionis

88 307 413 364 saoridessoaquipeutenoore
421 308 470 351 dtre
481 308 554 352 saure.
566 331 592 341 -
602 306 752 361 Pourrompre
766 305 789 350 lo
798 317 862 352 msa.

88 368 135 411 vais
149 368 220 411 destin
234 369 362 426 elchanger
371 370 392 412 la
404 369 499 420 fortune,
514 370 530 412 il
545 369 592 412 faut
602 380 634 412 un
646 374 709 412 sutre
720 369 763 412 roi.
777 391 804 401 -
818 368 863 413 Son

88 429 157 486 regne
164 442 211 473 sera
222 436 286 473 eourt
296 443 301 473 :
314 430 335 473 la
342 430 461 482 Bactriana¹
471 429 548 482 l’lnde,
556 431 576 473 ln
586 430 671 486 Scythis
679 435 727 473 sont
735 429 832 474 intactos
840 435 864 473 et

87 491 219 551 rdtahliront
231 490 252 534 la
264 493 498 549 guerro-Pourquol
507 492 603 536 couniri
613 504 657 536 uns
666 498 724 536 mort
733 491 864 536 inutilellle

88 552 144 596 n’est
153 553 233 609 qu'une
242 553 332 605 ,lachete
348 566 353 596 ε
368 553 390 597 le
401 554 447 596 vrri
461 566 555 610 oourage
568 559 602 597 est
610 554 638 597 de
650 558 698 598 tout
710 559 786 597 tenter
797 558 866 596 avant

89 613 117 657 de
130 614 198 669 perir.
207 638 235 646 —
244 615 289 665 Quo
299 614 319 658 la
328 613 440 658 Bactriana
451 615 494 658 soit
501 615 523 658 le
536 615 620 670 refuge,
634 614 712 659 Bessus
723 614 745 659 la
759 613 862 658 roitem-

55 682 69 705 ³
90 676 192 729 poraire;
206 688 246 718 son
259 677 327 731 rigna
335 676 396 718 linita
405 688 458 719 aveo
469 689 492 719 sa
502 677 601 720 mission.

121 797 176 848 Scio
184 812 225 847 me
232 797 380 848 sententiam
389 811 443 847 esse
454 797 581 847 dictmum
591 797 673 860 prima
686 794 770 858 specie
779 795 864 846 haud-

90 881 215 931 quaquam
224 867 329 917 aurihus
338 866 390 916 tuis
402 874 515 928 gratam:
534 867 578 917 sed
591 865 683 916 medici
696 878 797 928 quoque
806 879 867 927 gra-

89 938 173 988 viores
181 939 281 987 morbos
286 938 382 1000 asperis
390 937 508 987 remediis
515 943 612 994 curant,
618 937 809 999 etgubernator‚
818 937 865 986 ubi

90 1008 251 1070 naufragium
259 1007 338 1064 timet.
344 1008 451 1070 jactura,
462 1007 583 1070 quicquid
593 1006 688 1056 servari
697 1012 786 1069 potest,
796 1007 867 1056 redi-

90 1079 138 1128 mit
155 1078 198 1143 (l).
217 1079 268 1139 ligo
286 1085 377 1136 tamen
396 1078 455 1128 non'
469 1085 497 1126 ut
517 1078 636 1127 damnum
658 1077 759 1140 quidem
775 1076 866 1135 facias,

92 1150 191 1206 suadeo,
207 1149 250 1198 sed
266 1156 295 1199 ut
307 1156 368 1199 teac
382 1163 488 1212 regnum
502 1154 575 1198 tuum
588 1148 682 1198 salubri
698 1146 795 1197 ratione
807 1161 867 1197 con-

92 1234 183 1274 serves.
199 1219 251 1269 lliis
260 1219 369 1270 adversis
379 1220 473 1269 bellum
488 1219 588 1275 inimus,
601 1225 626 1268 et
636 1217 753 1281 pertinax
761 1217 867 1266 fortuna

92 1290 179 1339 Persas
190 1301 282 1350 urgere
296 1302 344 1337 non
358 1283 458 1338 desinit.
471 1287 542 1337 Novis
556 1287 636 1337 initiis
647 1287 681 1351 (2)
695 1293 720 1341 et
737 1285 867 1336 ominibus

92 1372 153 1422 opus
167 1366 212 1409 est.
223 1358 368 1421 Auspicium
377 1364 402 1408 et
413 1357 548 1421 imperium
559 1356 661 1408 interim
674 1356 716 1407 alii
726 1356 807 1414 trade,
821 1356 867 1418 qui

92 1434 144 1478 tam
152 1429 197 1478 diu
206 1443 249 1478 rex
256 1430 403 1490 appelletur,
414 1429 491 1477 donec
499 1427 557 1477 Asia
569 1425 770 1483 decedathostis3
783 1426 868 1478 victor

93 1499 183 1549 deinde
197 1512 303 1560 regnum
319 1500 366 1548 tibi
379 1499 475 1548 reddat.
496 1499 545 1547 lloc
563 1503 647 1547 autem
664 1496 735 1548 brevi
747 1497 868 1547 fututum

92 1568 158 1618 ratio
166 1568 298 1630 promittit.
311 1569 399 1618 Bactra
409 1569 504 1616 intacta
518 1573 578 1617 sunt
592 1568 665 1616 :lndi
680 1574 704 1617 et
717 1567 782 1617 Saoae
793 1567 827 1630 (5)
840 1567 869 1616 in

93 1645 136 1689 tua
147 1644 268 1701 potestate
281 1656 287 1685 :
299 1643 336 1688 tot
346 1638 441 1701 populi,
454 1644 491 1686 tot
506 1638 639 1696 exercitus,
652 1644 689 1687 tot
698 1637 813 1700 equitum
824 1650 869 1700 pe·

94 1709 224 1773 ditumque
241 1708 320 1757 millia
339 1709 370 1756 ad
387 1708 557 1757 renovandum
573 1709 667 1758 bellum
686 1708 752 1756 vires
767 1712 869 1768 paratas

93 1781 193 1839 liabent,
203 1787 230 1830 ut
240 1780 319 1843 major
329 1780 386 1830 belli
395 1780 472 1829 moles
480 1780 597 1843 supersit,
609 1794 684 1844 quam
693 1780 813 1829 exhausta
822 1779 867 1829 sit.

95 1851 159 1909 Quid
170 1851 267 1902 ruimus
277 1851 418 1900 belluarum
429 1850 481 1899 ritu
497 1851 523 1898 in
539 1851 678 1914 perniciem
694 1864 744 1900 non
757 1863 869 1900 necessa-

94 1921 175 1983 riam?
186 1923 296 1971 Fortium
308 1922 421 1971 virorum
432 1929 470 1971 est
480 1922 560 1984 magis
575 1929 680 1971 mortem
697 1926 866 1980 contemnere,

95 2005 171 2055 quam
182 1992 264 2041 odisse
274 1992 358 2041 vitam.
377 1991 446 2053 Saepe
459 1991 533 2041 taedio
545 1991 637 2041 laboris
650 1991 680 2041 ad
691 1991 812 2040 vilitatem
827 1991 868 2042 sui

93 2064 276 2125 compelluntur
287 2062 383 2126 ignavi:
395 2068 421 2112 at
431 2062 495 2111 nihil
504 2063 583 2112 virtus
594 2063 751 2126 inexpertum
761 2062 867 2112 omittit.

94 2130 180 2195 ltaque
198 2133 315 2182 ultimum
329 2133 440 2182 omnium
454 2146 522 2182 mors
536 2140 582 2192 est,
599 2133 719 2197 adquam
731 2146 782 2182 non
794 2133 869 2195 pigre

96 2202 135 2251 ire
143 2203 202 2253 satis
211 2209 256 2253 est.
267 2203 371 2253 Proinde
380 2205 400 2252 si
412 2203 508 2263 Bactra,
518 2205 583 2266 quod
592 2204 745 2254 tutissimum
755 2211 870 2266 recepta·

122 2358 175 2401 lllll.
187 2360 206 2401 1.
220 2357 465 2407 lactura....reutmit.
493 2370 556 2401 mum
569 2359 656 2414 jactura
667 2361 707 2416 fit,
720 2360 777 2416 quin
790 2361 870 2416 prelii

98 2419 146 2463 idea
154 2419 193 2473 qui
205 2419 324 2474 s'explique
334 2431 373 2474 par
382 2431 407 2462 ea
419 2432 468 2474 pas·
494 2421 594 2465 minumi
606 2425 669 2466 aunt.
689 2444 717 2456 -
733 2423 754 2467 2.
773 2422 869 2477 lutosis,

97 2495 148 2537 sago
163 2481 215 2524 d'nn
230 2482 329 2524 discours
345 2481 440 2525 attribue
455 2482 468 2524 a
494 2483 587 2527 allusion
595 2498 635 2528 aux
644 2485 756 2541 praliques
763 2485 870 2541 religien-

97 2545 197 2595 Salluste,
216 2544 248 2586 ad
263 2544 284 2587 G.
303 2544 355 2587 ces.
373 2544 401 2587 de
417 2556 466 2598 rep.
495 2547 870 2602 sesenusagell'ourertured'uns

97 2605 235 2650 ordin.l:d.
249 2605 380 2648 Postumius
401 2608 424 2647 et
438 2606 466 2647 ll.
494 2618 620 2662 campagus.
633 2630 661 2640 —
676 2608 698 2652 3.
714 2608 795 2660 §0⁶25
815 2609 870 2654 «les

98 2666 467 2721 Favoniusmiltioidenturquasi
496 2668 611 2719 Taurum.
630 2669 735 2713 nomades
764 2682 809 2726 qne
837 2672 870 2715 les

97 2743 186 2785 mapnoe
191 2728 259 2772 navis
266 2740 468 2784 supervacaneae·
495 2729 559 2773 Grecs
569 2730 723 2774 conlondaiont
733 2730 788 2774 dnus
799 2730 822 2774 la
831 2732 870 2776 dt·

98 2792 249 2834 messemli
258 2790 319 2833 salvi
332 2791 468 2845 pervenere,
495 2792 630 2849 nomination
647 2792 749 2847 gdnirale
770 2793 798 2837 da
820 2793 870 2850 Sop-

96 2852 150 2894 usui
164 2855 220 2894 sunt
235 2864 244 2904 ,·
258 2851 279 2893 si
294 2849 352 2907 quid
374 2849 468 2893 adversi
490 2854 553 2905 thes,
563 2852 751 2898 etaientnommds
760 2854 869 2899 domimo

85 2918 195 2959 coortum
208 2918 257 2969 ost,
269 2911 302 2959 de
313 2912 364 2959 illis
374 2912 471 2970 potissi·
499 2912 672 2958 sollertissimam
692 2913 756 2958 Ssoas
773 2926 814 2971 prr
836 2915 869 2960 les
