1904 3216
61 281 64 287 ¹
140 204 186 256 280
368 246 371 251 .
447 206 606 259 carnotus

140 320 192 384 ipso
206 323 234 381 in
241 322 315 380 helio,
323 322 354 371 de
364 322 435 383 cujus
447 323 558 385 praetniis
565 323 659 386 agitur,
669 324 748 373 honos
757 323 843 371 haberi
853 325 910 372 nui-

138 390 178 439 ius
184 398 275 453 posset,
282 391 330 441 nisi
341 391 432 440 liberas
440 391 553 442 civitates
558 392 581 440 ei
586 391 762 442 inservitutem
769 392 909 444 traderetis.

138 470 201 511 esset
215 462 362 511 deliberatio
372 475 470 525 anceps,
489 477 521 510 ne
532 461 562 524 (2)
578 469 712 524 autregem
721 463 828 511 amicum
839 462 912 510 inho·

138 538 255 580 noratum
268 532 436 592 dimitteretis,
445 538 489 582 aut
496 533 650 583 decederetis
660 532 778 583 instituto
789 538 878 592 vestro,
886 538 912 582 et

138 600 254 664 gloriam,
266 602 373 664 Philippi
384 602 447 652 heito
456 608 561 664 partam,
572 617 639 652 nunc
648 603 768 652 servitute
781 608 817 651 tot
824 603 912 652 civita-

139 671 203 720 tium
216 671 398 722 deformaretis.

169 743 216 792 Sed
230 744 260 792 ah
274 744 321 792 hac
329 744 476 807 necessitate
485 752 528 794 aut
543 745 630 806 gratiae
640 744 780 794 inamicum
794 743 913 793 minuen-

138 813 185 870 dae,
201 814 341 876 autgioriae
355 821 453 874 vestrae,
461 816 562 878 egregie
574 830 616 865 vos
632 815 732 865 fortuna
741 813 857 864 vindicat.
871 814 912 866 Est

138 885 286 935 enimdedm
294 883 450 948 benignitate
459 886 622 949 nongloriosa
629 886 708 947 magis
715 899 792 948 quam
800 886 869 935 dives
876 885 909 949 (3)

137 952 243 1003 victoria
253 960 353 1005 restra:
375 969 431 1019 quae
443 969 485 1005 ros
496 955 571 1005 facile
581 957 628 1014 isto
638 958 707 1006 velut
719 968 769 1004 aerc
777 954 857 1005 alieno
866 969 912 1005 ex-

137 1023 226 1072 solvat.
240 1023 300 1073 Nam
312 1030 337 1074 et
353 1025 480 1088 Lycaonia,
496 1031 522 1074 et
532 1024 639 1088 Phrygia
650 1030 766 1086 utraque,
781 1030 807 1073 et
819 1023 912 1074 Pisidia

139 1093 230 1149 omnis,
238 1100 263 1143 et
274 1093 451 1152 chersonesus,
456 1109 561 1159 quaque
569 1095 747 1157 circumJacent
755 1095 858 1157 Europae
867 1095 910 1158 (ii,

138 1162 167 1212 in
177 1167 260 1214 restra
272 1171 332 1214 sunt
345 1170 473 1227 potestate.
490 1165 601 1224 Quarum
611 1180 660 1214 una
675 1165 792 1228 quaelibet
803 1165 859 1228 regi
869 1165 913 1216 ad·

135 1233 203 1296 iecta
216 1235 388 1297 multiplicare
403 1250 511 1299 regnum
525 1236 641 1285 Eumenis
653 1241 743 1299 potest,
754 1248 840 1285 omnes
852 1246 912 1286 vero

138 1305 201 1354 datae
215 1305 331 1355 maximis
345 1320 403 1355 eum
415 1306 517 1369 regibus
530 1320 640 1368 aequare.

170 1375 238 1424 Licet
251 1389 312 1437 ergo
328 1376 397 1424 vohis
413 1381 438 1424 et
450 1376 560 1440 praemiis
566 1376 625 1438 belli
635 1376 716 1426 ditare
722 1376 809 1432 socios,
824 1382 850 1424 et
861 1389 913 1426 non

138 1445 257 1495 decedere
274 1446 388 1495 instituto
407 1454 498 1503 restro,
513 1455 538 1496 et
558 1448 701 1496 meminisse
716 1460 792 1508 quem
809 1446 912 1495 titulum

138 1516 323 1579 praetenderitis
337 1516 369 1578 (5)
382 1517 454 1578 prius
464 1519 580 1567 adversus
588 1518 738 1579 Philippum,
751 1515 913 1565 nuncadter-

137 1599 179 1635 sus
190 1585 347 1645 Antiochum,
357 1587 430 1645 belli;
440 1587 501 1649 quid
510 1587 620 1636 feceritis
634 1587 748 1648 Philippo
757 1587 835 1643 ricto;
849 1587 913 1648 quid

137 1667 229 1705 nuncu
246 1655 324 1713 vobis,
340 1669 388 1705 non
400 1656 479 1718 magis
492 1656 550 1720 quia
565 1656 667 1716 secutis,
682 1669 757 1718 quam
767 1655 826 1717 quia
832 1654 859 1704 id
869 1669 912 1706 vos

138 1725 220 1776 iacere
233 1726 312 1783 decet,
329 1725 484 1776 desideretur
499 1733 573 1789 atque
589 1728 754 1788 exspectetur.
771 1725 824 1774 Alia
843 1726 911 1774 enim

137 1794 193 1846 aliis
208 1803 233 1845 et
252 1796 354 1846 honesta
369 1802 405 1846 est
420 1803 445 1846 et
463 1797 598 1858 probabilis
618 1811 691 1846 causa
711 1810 847 1846 armorum.
872 1797 911 1846 illi

137 1878 237 1928 agrum,
250 1865 277 1914 hi
292 1866 368 1924 vicos,
383 1866 410 1914 hi
424 1866 523 1928 oppida,
536 1866 563 1914 hi
573 1866 912 1929 portus.oramquealiquam

137 1936 215 1987 maris
223 1943 251 1986 ut
261 1937 405 1999 possideant
415 1953 421 1985 ε
433 1952 474 1986 vos
484 1951 529 1985 nec
537 1938 639 1999 cupistis
651 1939 712 1994 haec.
725 1944 857 1999 autequam
868 1938 911 1985 ha·

137 2008 239 2066 beretis;
252 2021 298 2057 nec
311 2021 387 2064 natac,
396 2007 548 2070 quumorhis
556 2014 683 2056 terrarum
692 2008 718 2056 iu
729 2009 822 2057 ditione
832 2013 912 2056 vestra

137 2080 179 2137 sit,
195 2093 287 2141 cupere
300 2079 408 2141 potestis.
426 2079 472 2127 Pro
486 2078 604 2139 dignitate
618 2086 642 2126 et
656 2079 736 2138 gloria
753 2079 819 2139 apud
838 2092 911 2127 omno

138 2163 218 2212 genus
233 2151 381 2205 humanum,
404 2148 469 2211 qnod
486 2155 597 2197 vestrum
623 2162 713 2197 nornen
727 2148 911 2211 imperiumque

137 2221 208 2281 juxta
223 2236 251 2270 ac
261 2222 321 2270 deos
332 2220 484 2268 immortales
495 2220 547 2281 jam
566 2219 661 2281 pridetn
677 2221 797 2277 intuetur.
813 2233 912 2282 pugna·

50 2476 52 2480 ,
138 2429 295 2474 embarrassee.
320 2452 348 2462 -
367 2429 387 2472 2.
408 2429 440 2473 Ne
459 2437 510 2473 veut
537 2443 577 2473 sur
593 2431 706 2474 Cornelius
725 2431 871 2486 Nepos,page
888 2431 909 2475 6.

138 2494 186 2537 dire
197 2505 202 2536 :
213 2492 240 2535 de
250 2504 313 2547 peur,
325 2491 352 2534 de
366 2493 448 2534 cratnte
458 2504 509 2547 que.
537 2515 563 2523 -
572 2493 592 2536 d.
609 2493 662 2544 Quae
680 2492 848 2546 circutttjucent
865 2491 912 2534 Eu·

138 2555 197 2598 Cette
212 2555 260 2597 ide'o
270 2555 297 2596 do
309 2553 392 2596 crainte
404 2560 437 2596 est
451 2566 509 2596 assez
537 2566 605 2610 ropae.
619 2554 646 2597 Ce
661 2554 750 2597 dernier
769 2560 814 2595 rnot
830 2559 864 2596 est
887 2565 908 2596 ut

138 2614 421 2659 adurentreuiermeedana
431 2616 451 2657 la
462 2629 510 2669 pnr-
537 2616 615 2671 genitis
636 2621 658 2658 et
683 2615 766 2669 dipend
786 2615 812 2656 dc
832 2627 883 2668 quae
902 2630 910 2653 .-

138 2677 205 2720 ticuie
221 2690 255 2718 ue.
267 2700 293 2708 —
307 2677 327 2719 3.
345 2675 393 2719 Noa
408 2677 509 2731 ptoriosa
536 2690 586 2733 quae
606 2677 676 2730 (loca)
696 2677 794 2731 Europae
810 2676 911 2718 circum-

138 2739 213 2793 mopis
239 2751 308 2793 quam
333 2736 404 2788 diret,
425 2739 509 2780 cest-d·
532 2742 614 2795 jacent
627 2739 760 2794 regionibus
775 2739 833 2781 Asiae
844 2739 909 2782 modo

138 2801 200 2851 dira,
217 2813 280 2856 aeque
297 2798 361 2842 dives
375 2812 446 2855 quom
461 2800 510 2855 plo·
536 2801 682 2849 memoratis,
693 2801 765 2842 savoir
775 2800 908 2854 Lysimachia

138 2862 210 2906 rioatt.
234 2861 301 2918 Voyez
321 2861 465 2915 l'explication
482 2862 509 2905 do
537 2867 559 2905 ct
568 2862 662 2904 d'autres
673 2861 735 2903 vities
747 2860 774 2903 do
787 2861 806 2902 ia
817 2861 908 2912 Thrace,

132 2932 191 2966 cette
202 2931 311 2968 tournttre
321 2922 375 2966 dans
391 2935 439 2967 rues
448 2930 510 2967 notos
538 2924 610 2972 AEuus.
620 2922 728 2965 tiaronea.
735 2945 761 2953 -
771 2924 791 2965 5.
804 2922 908 2967 ditatum
