1904 3216
106 172 154 222 too
410 170 573 222 oonttortrs

108 285 181 337 nibus
193 286 287 350 impiis.
299 285 403 337 sceleris
415 299 504 336 eornm
513 283 591 342 obiiti,
606 284 636 334 de
647 296 721 347 poem
741 280 881 346 disserunt,

107 354 130 404 si
143 369 171 406 ea
182 358 265 419 paullo
281 356 392 406 severior
402 356 458 405 fuit.

139 424 266 475 Decimum
275 426 394 483 Silanum,
402 425 483 475 virum
489 425 581 474 sortem
587 426 884 486 atquesrreuuum,certo

111 499 170 561 scio,
182 511 238 562 quae
252 497 349 557 dixerit,
356 496 439 547 studio
445 496 590 559 reipublicae
602 495 703 552 dixisse,
714 508 796 557 neque
808 495 883 545 ilium

111 570 138 619 in
154 575 221 619 tanta
237 582 267 617 re
282 567 386 629 gratiam
400 573 443 616 aut
454 566 596 616 inimicitias
608 579 735 622 cremere;
746 579 789 615 cos
798 579 883 616 mores

111 652 216 700 eamque
233 637 380 687 modestiam
391 637 439 686 riri
457 636 569 698 cognovi.
581 636 672 684 Verum
687 636 811 685 sententia
827 637 883 699 ejus

111 709 173 758 mihi
183 706 350 757 noncrudelis
364 707 435 770 (quid
450 706 557 755 enimin
572 707 631 755 tatis
649 705 762 754 homines
780 707 882 756 crudele

110 779 165 829 tieri
181 778 286 842 potesti)
297 778 339 827 sed
356 777 437 828 aliena
448 777 600 840 arepublica
613 785 696 826 nostra
706 776 882 826 sinemurum

109 851 221 914 protecto
233 853 276 899 aut
290 855 372 898 metus
383 855 427 898 aut
439 848 535 911 injuria
545 855 570 898 te
585 847 692 908 subegit,
708 847 800 905 Silone,
818 862 880 897 con-

110 922 191 970 sulem
213 919 380 982 designatum,
397 932 477 982 genus
492 932 572 981 poenae
587 930 676 967 novom
690 916 832 967 decernere.
848 919 882 969 De

110 991 202 1041 timore
220 1004 430 1054 supervacaneum
446 994 484 1040 est
496 988 629 1046 disserere,
649 1001 724 1050 quom
742 988 882 1050 praesertim

110 1059 240 1123 diligentia
246 1059 386 1111 clarissumi
395 1058 453 1118 riri,
465 1059 656 1116 commisimus
664 1057 782 1120 praesidia
792 1057 882 1121 (disint

110 1145 138 1181 1n
149 1132 235 1181 armis.
245 1132 358 1193 Depoena
369 1144 500 1194 possumus
511 1130 627 1193 equidem
640 1129 722 1178 dicere
729 1128 756 1177 id
764 1130 832 1191 quod
841 1144 882 1180 res

110 1201 186 1252 habet
196 1216 203 1250 :
215 1201 243 1251 in
254 1201 321 1250 luctu
336 1207 410 1262 atque
423 1199 534 1250 miseriis
545 1206 651 1249 mortem
662 1213 835 1249 aerumnarum
842 1213 881 1248 re-

111 1271 205 1334 quiem,
213 1285 264 1323 non
276 1270 415 1320 cruciatum
423 1283 486 1328 esse,
497 1284 551 1319 eam
562 1275 650 1319 cuncta
661 1268 805 1318 mortalium
816 1270 880 1319 mala

111 1342 263 1401 dissolvere3
273 1341 340 1390 ultra
355 1354 437 1402 neque
451 1353 518 1390 cume
529 1354 611 1402 neque
622 1339 712 1402 gaudio
723 1340 808 1389 locum
817 1353 879 1390 mse.

111 1412 218 1473 smper
228 1411 286 1460 deos
294 1409 455 1458 immortalis!
468 1409 662 1471 quamobremin
678 1409 882 1461 sententiomnon

111 1480 238 1538 addidisti,
249 1480 365 1539 utiprius
379 1479 526 1529 verberibus
535 1481 560 1528 in
575 1494 617 1530 eos
626 1478 882 1532 animadvortereturi

109 1552 155 1608 dn,
173 1551 232 1613 quia
244 1551 283 1600 lex
291 1550 375 1599 Porcia
383 1550 415 1614 (5)
436 1551 518 1600 vetat?
527 1553 557 1600 At
577 1551 633 1602 aliae
656 1551 722 1614 leges
736 1551 799 1600 item
819 1566 882 1601 con-

112 1621 237 1673 demnatis
256 1620 354 1670 civibus
370 1634 421 1670 non
436 1621 545 1670 animam
560 1621 634 1684 eripi,
653 1621 695 1671 sed
713 1621 815 1671 erilium
826 1636 883 1685 per·

111 1691 178 1741 mitti
185 1691 284 1753 jubent.
296 1692 341 1749 An,
354 1691 412 1753 quia
423 1691 524 1753 gravius
535 1700 570 1741 est
581 1692 708 1742 verberari
721 1705 796 1755 quarn
810 1707 883 1743 neca-

111 1761 154 1811 ri‘i
163 1760 226 1816 Quid
238 1770 321 1811 antem
330 1761 447 1810 acerbum
460 1769 502 1810 aut
512 1762 586 1811 nimis
596 1776 672 1825 grave
683 1770 722 1812 est
731 1763 758 1811 in
769 1764 883 1814 immines

111 1832 173 1881 tanti
187 1832 304 1882 facinoris
316 1831 456 1882 convictos?
468 1832 520 1891 Sin,
533 1833 593 1896 quia
606 1834 687 1883 letius
699 1842 749 1891 est,
766 1835 811 1896 qui
826 1850 884 1885 cou-

111 1901 221 1950 venitin
237 1901 336 1950 minore
357 1900 457 1962 negotio
472 1902 554 1964 legem
569 1902 668 1962 timere,
684 1916 761 1965 quom
783 1918 839 1954 eam
855 1906 883 1954 in

111 1973 205 2033 majore
221 1973 374 2036 neglexeris?

142 2045 172 2092 At
180 2045 247 2092 enim
254 2045 311 2106 quis
320 2043 493 2104 reprehendet,
506 2043 572 2104 quod
579 2042 606 2090 in
616 2044 754 2105 parricidas
765 2045 884 2107 reipubli-

112 2114 282 2163 caedecretum
291 2113 693 2175 erit‘iTempus,diesttiidortuna,
702 2112 883 2176 quojtislubido

113 2184 229 2245 gentihus
242 2185 395 2233 moderatur.
407 2183 460 2233 illis
474 2182 565 2233 merito
579 2183 682 2241 accidet,
694 2183 817 2246 quidquid
826 2200 884 2236 eve·

113 2254 193 2312 nerit;
210 2260 321 2303 ceterum
330 2267 382 2310 ros,
392 2253 477 2303 Patres
487 2253 633 2315 conscripti,
644 2252 704 2315 quid
716 2253 743 2303 in
753 2254 816 2306 elios
829 2261 883 2304 sta·

113 2323 198 2382 tuatis,
211 2323 373 2373 considerate.
386 2323 474 2372 Omnia
488 2323 554 2373 mala
572 2325 681 2385 exempla
695 2337 726 2372 ex
742 2323 814 2374 bonis
828 2332 884 2376 orta

112 2400 182 2449 sunt;
193 2393 236 2443 sed
243 2392 286 2442 ubi
292 2391 464 2454 imperinmad
478 2394 579 2453 ignaros
591 2399 634 2443 aut
643 2393 728 2444 minus
737 2393 815 2445 bonos
824 2409 884 2458 per-

113 2464 187 2522 venit,
205 2477 294 2513 novom
311 2462 376 2513 iliud
392 2464 531 2527 exemplum
541 2464 572 2514 ab
588 2464 671 2525 dignis
686 2471 712 2515 et
731 2463 830 2515 idoneis
850 2465 883 2516 ad

115 2590 137 2630 et
155 2585 235 2630 studio
254 2586 281 2630 de
299 2586 379 2641 Tacite,
398 2587 483 2632 devenu
509 2586 638 2633 Verrinede
651 2588 786 2646 Suppliciis,
800 2591 835 2634 ch.
846 2591 882 2645 63,

113 2648 245 2704 proverbial.
257 2672 284 2682 -
300 2648 323 2693 d.
341 2649 415 2693 Tanta
423 2662 485 2706 prie-
510 2662 531 2705 p.
551 2650 586 2702 86,
605 2662 628 2693 n.
647 2653 667 2697 1.
693 2672 721 2682 -
737 2651 758 2695 6.
777 2651 883 2708 Tempus,

114 2709 320 2766 sidia5vop.notre
336 2711 484 2755 introduction
510 2724 594 2754 comme
615 2711 706 2756 ailleurs
726 2714 840 2768 temporo,
860 2722 883 2759 et

113 2772 161 2815 ila
178 2773 300 2827 quatrieme
316 2772 441 2818 Catilinaire
457 2773 484 2818 de
510 2782 574 2828 carpo<
584 2785 680 2827 engreo,
699 2773 731 2816 les
747 2775 883 2818 circonstan-

115 2831 211 2885 Cictron,
235 2847 257 2889 p.
280 2833 315 2878 ot.
337 2857 366 2869 -
387 2834 408 2879 ii.
438 2834 485 2879 Lex
510 2832 765 2889 ces,lesconj0nctures.
780 2835 883 2893 Diectau

109 2895 211 2950 potuim·
226 2909 272 2955 vop.
283 2909 323 2944 nos
335 2902 398 2945 notos
413 2909 452 2943 sur
461 2895 483 2940 la
509 2895 721 2952 tentatationum
730 2896 845 2954 dutemps.
853 2920 882 2933 ·-
