1904 3216
196 113 244 162 ltl
409 113 412 119 ’
505 113 666 163 oralionus

196 232 297 274 acturus
316 239 382 284 sum,
399 226 498 276 Canusii
515 227 580 288 apud
598 225 683 289 ipsum
699 225 836 273 exercitum
854 237 949 284 agere·

196 296 317 356 optimum
334 302 422 346 testem
436 298 542 358 ignaviae
559 296 679 358 cujusque
690 302 715 345 ct
726 295 835 350 virtutis,
848 300 891 342 aut
900 308 951 343 unu

196 367 237 414 hic
250 367 338 415 saltem
355 368 450 415 adesset
462 370 487 414 l'.
501 367 673 428 Sempronius,
688 380 761 427 quern
780 365 801 413 si
817 364 858 413 isti
875 364 937 413 duce

196 437 275 484 secuti
285 443 375 491 essent,
387 437 478 485 milites
489 437 562 486 hodie
571 437 597 485 in
610 436 697 485 castris
710 435 834 492 Romanis,
847 449 896 482 non
908 450 948 483 cn

195 505 239 554 tivi
255 507 281 553 in
296 507 406 555 bostium
422 512 543 568 potestate
562 508 654 556 essent!
672 506 717 555 Sed
732 519 810 568 quum
826 505 897 553 sessis
912 519 947 566 pu

194 577 293 638 gnando
308 578 430 635 hostibus,
452 583 507 627 turn
522 578 625 628 victoria
643 578 707 627 laetis
721 585 746 626 et
763 577 824 639 ipsis
836 576 949 638 plerisqu

195 646 317 706 regressis
329 646 356 695 in
368 652 447 696 castra
457 661 511 704 sua,
522 654 620 696 noctem
628 647 659 696 ad
668 648 847 708 erumpendum
858 645 938 694 libera

195 716 354 774 habuissent,
378 724 403 765 et
426 723 519 779 septem
545 717 623 767 millia
649 723 803 766 armatorum
832 716 949 766 hominu

79 772 104 797 '¹
195 798 327 848 erumpere
347 787 423 836 etiam
445 800 490 848 per
511 787 635 836 confertos
654 788 737 836 hostes
750 792 862 850 possent;
883 799 949 848 nequ

194 868 238 918 per
252 856 339 919 seipsi
351 857 377 905 id
390 858 470 906 lacere
481 857 561 906 conati
576 865 644 914 sunt,
656 871 738 920 neque
749 856 828 906 alium
839 857 908 918 sequi
920 869 951 904 vo

194 927 304 975 luerunt.
314 928 389 976 Nocte
403 941 479 991 prope
492 935 542 976 tota
556 928 583 976 P.
595 927 754 991 Sempronius
763 926 896 976 Tuditanus
913 939 944 974 no

194 995 291 1045 destitit
305 1009 415 1054 monere,
434 997 561 1047 adhortari
577 1011 628 1054 eos,
650 997 708 1046 dum
721 996 832 1060 paucitas
852 995 918 1044 hosti

195 1064 262 1115 circa
282 1073 371 1126 castra,
391 1066 451 1115 dum
467 1066 539 1128 quies
555 1081 584 1117 ac
598 1066 726 1116 silentium
739 1072 812 1122 esset,
833 1065 893 1114 dum
914 1079 947 1114 no

195 1133 437 1198 inceptumnegeret,
456 1149 482 1185 se
498 1136 586 1186 ducem
604 1141 769 1198 sequerentur
786 1150 792 1184 :
810 1141 865 1184 ante
881 1135 952 1184 lucet

193 1205 321 1267 pervenire
335 1206 362 1255 in
374 1212 427 1255 tuta
441 1208 504 1264 loca,
518 1207 544 1255 in
556 1207 682 1256 sociorum
693 1208 769 1256 urbes
782 1219 865 1268 posse.

225 1274 302 1333 Siout,
325 1290 428 1325 avorum
442 1277 571 1334 memoria,
585 1279 610 1325 P.
623 1277 711 1326 llecius
723 1277 839 1325 tribunus
853 1275 934 1325 militu
951 1297 952 1319 l

195 1342 221 1390 in
244 1344 355 1402 Samnio;
375 1346 448 1403 sicut,
465 1345 537 1395 nobis
552 1346 750 1397 adolescentibus
762 1343 851 1409 'priori
867 1346 952 1394 Punic

193 1411 268 1471 bello,
289 1414 437 1475 Calpurnius
458 1415 566 1464 Flamma
580 1418 698 1467 trecentis
709 1415 867 1470 voluntariis,
884 1429 932 1476 quu

194 1483 225 1530 ad
239 1486 363 1533 tumulum
382 1499 424 1533 ecs
444 1485 593 1547 capiendum
609 1487 686 1536 situm
700 1487 764 1535 inter
780 1485 873 1535 medios
886 1484 947 1533 duce

193 1558 233 1602 rel
245 1553 407 1611 bostes,dirit
422 1570 428 1604 :
443 1573 455 1601 ι
471 1555 613 1615 lloriamur,
628 1557 729 1609 milites.
740 1563 766 1605 et
781 1561 861 1604 morte
875 1560 944 1603 nostr

195 1622 352 1685 «eripiamus
372 1638 401 1672 ex
425 1625 553 1673 obsidione
578 1628 758 1675 circumventas
772 1624 894 1686 lepioncsl
915 1637 949 1672 ns

193 1691 240 1741 hoc
254 1691 281 1740 P.
297 1693 458 1754 Sempronius
473 1695 582 1752 diceret;
597 1709 642 1744 nec
658 1697 725 1744 viros
744 1696 844 1758 quidem
859 1707 905 1743 nec
915 1695 947 1743 Rc

193 1775 277 1812 manos
287 1777 331 1813 vos
346 1767 458 1819 duceret.
475 1766 497 1815 si
517 1780 588 1816 nemo
604 1774 679 1816 tantae
699 1764 798 1816 virtutis
824 1765 947 1815 exstitisse

193 1845 284 1883 comes.
301 1834 368 1883 lliam
384 1849 434 1884 non
453 1837 484 1884 ad
501 1837 607 1898 gloriam
619 1837 700 1899 magis
718 1849 794 1899 quarn
810 1837 839 1884 ad
852 1836 932 1883 salute

193 1902 474 1955 lerentemdemonstrat
490 1921 496 1955 ε
509 1908 611 1957 reduces
620 1908 646 1956 in
661 1909 775 1970 patriam,
790 1907 818 1955 ad
834 1913 948 1967 parentes

192 1972 224 2020 ad
233 1975 352 2036 conjuges
364 1989 392 2024 ac
405 1975 494 2025 liberos
512 1977 579 2026 lacit.
593 1977 621 2025 llt
633 1977 775 2031 servemini,
799 1974 868 2023 deest
888 1973 952 2022 vobi

193 2043 307 2094 animus:
320 2046 389 2106 quid,
401 2048 421 2094 si
433 2047 589 2096 moriendum
599 2063 644 2110 pro
655 2047 734 2109 patria
744 2053 816 2101 esset,
828 2044 940 2092 laceretis

192 2113 375 2177 Quinquaginta
382 2114 558 2165 milliacivium
566 2117 738 2178 sociorumque
747 2116 812 2164 circa
818 2127 861 2161 vus
868 2126 897 2161 eo
904 2114 952 2174 ips

194 2182 301 2233 diecaesa
312 2186 408 2244 iacent:
425 2186 446 2234 si
459 2192 495 2234 tot
506 2188 616 2249 exempla
625 2187 725 2236 virtutis
735 2199 784 2234 non
798 2189 903 2237 movent.
918 2181 944 2230 ni

193 2252 230 2300 lril
238 2267 347 2317 unquam
360 2255 484 2312 movebil;
501 2258 521 2303 si
531 2264 598 2305 tanta
609 2257 690 2305 clades
702 2257 858 2306 vilcmritam
867 2268 916 2301 non
925 2254 943 2300 l·

192 2323 227 2372 cit
242 2324 285 2387 (ἲ),
300 2327 369 2374 nulla
388 2326 468 2376 faciet.
483 2327 563 2376 Liberi
579 2335 653 2390 utque
666 2329 802 2377 incolumes
820 2326 952 2374 desiderat

192 2394 296 2456 patriam
311 2409 317 2442 :
333 2396 384 2446 imo
394 2398 531 2447 desiderate
540 2399 600 2447 dum
611 2399 689 2461 patria
701 2405 745 2453 est,
759 2399 818 2446 dum
829 2396 894 2444 cives
901 2394 952 2457 eju

193 2465 266 2511 estis·
289 2479 344 2515 sero
362 2480 429 2517 nunc
447 2467 601 2525 desideratis,
619 2468 739 2516 deminuti
753 2467 833 2529 capite
850 2465 883 2528 (5)
899 2466 940 2514 aba

194 2532 343 2596 lienatijure
355 2535 455 2592 civium,
470 2536 535 2586 servi
545 2535 783 2598 Carthaginiensium
791 2534 858 2585 lacti.
874 2534 951 2584 Preti·

194 2695 243 2732 sont
250 2689 331 2732 rendus
340 2690 403 2744 apres
411 2691 431 2733 la
441 2693 562 2735 boteille-
589 2692 632 2735 bon
651 2691 737 2734 marche
754 2691 781 2734 de
799 2699 859 2734 votre
877 2661 920 2734 vie.

193 2751 214 2795 2.
229 2751 299 2795 Vilem
313 2751 386 2794 attam
395 2764 441 2796 non
451 2752 514 2806 fecit,
524 2753 562 2796 lit·
587 2753 608 2796 3.
625 2751 742 2796 lleminntt'
758 2752 851 2807 capite,·
865 2765 911 2807 roy.
935 2753 951 2795 l

97 2866 100 2873 Ι
188 2811 364 2866 temlementma
371 2815 455 2858 rousllt
460 2825 499 2871 pas
506 2814 561 2860 loire
587 2819 637 2858 ncta
646 2816 658 2859 t
668 2814 698 2857 du
707 2812 761 2856 bisc.
771 2811 793 2856 C.
