1904 3216
264 155 301 201 EX
319 153 419 209 QUINTI
436 153 533 202 cunrll
549 152 604 202 ΜΒ.
622 152 683 202 llll.
810 153 856 202 519

87 271 167 318 heres.
180 270 226 319 Sed
240 270 357 330 quoniam
370 271 447 326 abest,
470 284 516 330 ego
535 270 581 317 tibi
594 284 638 329 pro
658 270 699 317 illo
711 270 854 331 respondeo,

86 340 182 388 nullum
192 340 389 387 csseeundemet
402 340 550 387 diuturumu
559 348 582 388 et
592 353 727 400 prmcocem
735 339 854 395 fructum,

86 411 245 471 coelestesque
257 410 363 457 honores
374 423 425 458 non
447 408 506 458 dare
523 415 546 457 te
565 409 629 470 regi,
646 408 690 456 scd
701 410 806 456 aui'erre.
818 410 856 457 ln·

86 480 187 530 ter-rollo
198 481 265 529 enim
275 494 338 542 opus
350 488 395 538 est,
409 488 437 530 ut
449 482 566 530 credatur
577 481 638 529 deus
655 481 697 544 (l),
709 495 856 543 semperque

86 551 149 600 hanc
163 551 271 614 gratiam
290 551 387 611 maguis
406 551 467 601 viris
479 551 571 614 posteri
583 551 698 600 reddunt.
712 553 762 612 ugo
774 557 856 600 autem

86 635 168 671 seram
177 622 388 671 immortalitatem
406 637 496 685 precor
505 621 568 685 regi,
582 629 610 670 ut
624 630 649 671 et
669 622 720 671 vita
738 623 855 671 diuturne

86 690 119 740 sit
128 698 153 740 et
160 698 254 741 aeterna
264 690 386 752 maJestas.
397 691 528 741 Hominem
540 691 703 754 consequitur
713 691 855 755 aliquando,

85 775 215 824 nunquam
232 762 364 812 comitetm·
378 762 505 812 diviuitas.
523 763 653 811 Herculem
667 762 741 812 modo
759 769 784 812 et
807 763 856 812 Pa-

85 839 151 882 trem
164 832 280 882 liberum
287 840 434 881 consecrate
442 832 640 881 immortalitatis
652 832 685 895 (2)
695 834 806 895 exempla
816 847 858 883 re·

85 902 192 952 ferebas.
201 902 316 951 Credisne
325 903 382 951 illos
390 903 466 952 unius
471 902 578 952 convivii
586 902 686 952 decreto
694 903 753 952 deos
763 902 856 954 iactos?

86 973 159 1022 Prius
167 970 283 1021 aboeulis
294 970 437 1020 mortalium
451 971 552 1020 amolita
570 979 714 1029 netureest.
734 985 810 1034 quam
830 974 857 1022 in

87 1043 177 1090 coelum
197 1041 262 1089 lama
273 1040 425 1102 perveheret.
448 1040 547 1090 Scilicet
567 1054 613 1103 ego
631 1047 656 1090 et
667 1047 704 1098 tu,
721 1041 785 1097 Cleo,
798 1042 857 1092 deos

86 1112 205 1160 iacimus!
219 1111 321 1159 linolris
335 1110 473 1161 divinitatis
492 1125 543 1160 suae
556 1113 730 1162 auctoritatem
743 1118 857 1173 acceptu-

87 1195 130 1231 rus
140 1183 239 1230 estrei!
255 1180 394 1229 Potentiam
405 1185 474 1229 tuam
486 1180 597 1242 experiri
609 1182 684 1231 libet:
697 1183 734 1230 fae
746 1180 857 1244 aliquem

87 1266 181 1314 regem.
199 1252 221 1302 si
239 1253 313 1302 deum
322 1259 393 1315 potes
404 1251 494 1305 iacere.
511 1251 621 1303 Facilius
632 1259 671 1303 est
688 1253 778 1304 coelum
787 1254 854 1311 dare,

88 1337 163 1390 quam
173 1322 315 1385 imperium

119 1394 159 1444 Ilii
168 1391 271 1455 propitii
283 1392 338 1442 sine
347 1390 515 1455 invidiaque
524 1391 579 1441 Cleo
586 1392 659 1450 dixit,
670 1392 804 1453 audierint,
817 1407 857 1444 ee.

88 1467 195 1526 demque
213 1476 298 1519 cursu,
315 1475 364 1525 quo
382 1461 476 1510 duxere
496 1462 577 1512 adhuc
590 1477 641 1520 res,
661 1463 699 1512 ire
721 1464 855 1527 patiantur.

88 1532 183 1584 Nostris
203 1531 315 1581 moribus
335 1531 412 1580 velint
430 1544 476 1580 nos
494 1545 547 1581 esse
564 1538 699 1582 contentos.
716 1533 768 1583 lion
782 1534 857 1596 pudet

88 1604 184 1667 patrie,
204 1616 249 1652 nec
259 1601 382 1663 desidero,
394 1602 425 1652 ad
440 1616 516 1666 quem
527 1606 629 1654 modum
644 1619 688 1654 ren
700 1604 761 1655 mihi
775 1607 857 1657 colen-

89 1676 136 1725 dus
147 1674 188 1730 sit,
204 1674 232 1736 [a
243 1673 332 1736 victis]
352 1674 385 1736 (3)
409 1674 523 1724 discere:
539 1688 601 1736 quos
616 1675 732 1737 equidem
749 1677 857 1727 victores

89 1759 142 1795 csse
154 1745 279 1802 confiteor,
289 1744 311 1792 si
325 1744 355 1792 ah
364 1744 415 1793 illis
423 1745 499 1806 leges,
509 1746 565 1807 quis
577 1746 697 1805 vivamus,
711 1747 855 1810 accipimus.

116 1904 186 1948 xllll.
205 1906 225 1948 l.
252 1902 382 1946 interuallo
401 1913 459 1957 opus
486 1902 858 1956 peutetrelirecoaseeretamoo·

89 1967 131 2016 cat,
149 1965 177 2006 ut
194 1961 306 2005 credatur
321 1963 376 2004 deus
389 1975 397 2003 :
412 1962 458 2004 cete
486 1962 597 2006 talitatis.
621 1963 670 2007 Cela
695 1971 748 2018 peut
766 1977 791 2007 se
809 1964 857 2008 dire

89 2038 118 2068 ne
131 2029 185 2079 peut
199 2023 265 2078 gnere
280 2024 341 2065 avoir
357 2021 392 2065 ete
405 2022 460 2065 ecrit
487 2024 722 2077 grammaticalement,
734 2025 790 2068 mnis
805 2024 857 2068 l'ex·

90 2084 194 2143 perd-C.
211 2097 262 2127 sens
277 2084 373 2139 quelque
389 2084 460 2126 iuteu·
486 2086 587 2139 pressiori
609 2087 678 2129 serait
703 2086 748 2128 mal
765 2086 857 2139 chumis,

90 2150 136 2192 tion
146 2148 173 2190 de
182 2147 239 2189 taire
252 2146 347 2189 allusion
358 2158 400 2188 aux
409 2158 460 2201 apo-
486 2158 551 2202 voyez
569 2147 589 2189 la
599 2155 650 2191 note
671 2151 690 2190 l.
710 2148 740 2191 du
756 2147 811 2191 [lise.
823 2147 858 2193 ll.

91 2210 177 2254 measse
186 2221 216 2250 un
226 2220 269 2262 peu
280 2207 408 2261 precipitem
422 2207 460 2250 des
487 2206 542 2248 lla
558 2207 587 2248 fin
608 2208 638 2250 du
666 2206 722 2250 msc.
745 2206 807 2251 xxm
829 2220 859 2252 on

90 2269 328 2326 empcreursromeins.
338 2291 364 2300 —
372 2266 394 2310 Ξ.
404 2269 461 2312 con·
486 2276 564 2311 trouve
573 2281 617 2311 une
632 2276 694 2312 autre
710 2270 859 2314 construction

89 2335 186 2379 secrete
195 2329 390 2380 immortalitatis,
399 2331 462 2373 c'est-
487 2330 517 2372 du
524 2330 590 2372 verbe
597 2330 778 2375 consecrarersi
784 2330 859 2388 Olym-

90 2396 161 2439 i-dirc
188 2392 245 2448 ipsis
270 2403 315 2446 per
339 2403 408 2434 sacra
431 2404 461 2434 ou
484 2390 540 2445 pias
556 2392 733 2435 immortalitati
743 2403 860 2438 consecre-

90 2455 188 2500 solemni
204 2452 271 2497 modo
286 2452 415 2496 attributa.
433 2452 460 2494 tt.
487 2457 536 2496 tur.
546 2477 573 2485 —
585 2454 606 2497 3.
616 2456 632 2496 A
644 2453 720 2505 victis,
730 2460 787 2499 mets
796 2455 859 2512 ajou-

92 2519 175 2562 ltaudet
197 2528 264 2572 pense
289 2515 343 2572 qu'il
365 2515 459 2559 laudrait
486 2514 720 2569 tespsrllreirrsheim.
