1904 3216
316 198 353 245 EX
370 197 438 246 alvu
456 195 543 247 LIBRO
559 194 635 246 xilv.
816 195 858 242 541

90 311 170 363 felicis
186 325 247 362 esse.
261 311 366 360 Mitteret
377 311 408 359 ad
426 310 559 365 consulem,
578 308 622 371 qui
636 307 715 357 foedus
727 307 753 356 in
765 306 862 356 easdem

90 383 159 445 leges
167 388 326 437 renovarent,
339 382 427 444 quibus
442 380 569 443 Philippus
583 386 653 442 puter
664 379 717 441 ojus
732 392 817 441 paoem
832 379 862 427 ab

91 455 116 504 Τ.
133 454 248 510 Quinctio
258 453 351 502 victore
361 453 502 515 accepisset.
517 454 600 513 Neque
613 451 680 499 finiri
696 451 788 499 beilum
806 464 862 498 ma-

90 523 259 587 gnificentius,
283 536 357 584 quam
379 523 409 571 ab
431 529 481 571 tam
493 521 648 571 memorabili
669 535 765 585 pugna3
783 535 863 582 neque

90 607 160 658 spem
174 593 310 642 firmiorem
330 593 399 656 pacis
415 600 540 655 perpetuae
562 594 625 650 dari,
641 606 717 654 quam
737 606 793 655 quae
803 605 862 654 per-

90 664 173 714 culsos
195 664 296 712 adverso
320 663 407 726 proelio
432 662 553 712 Romanos
575 661 702 711 molliores
721 664 815 711 iactura
830 661 863 710 sit

79 735 122 785 ‘ad
141 733 324 798 paciscendum.
351 734 438 789 Quodsi
464 733 568 783 Romani
598 740 650 783 tum
668 746 767 795 quoque
789 730 863 780 insita

90 805 228 869 pertinacia
239 818 310 866 aequa
319 810 521 867 aspernarentur,
535 804 593 854 deos
604 803 766 866 hominesque
777 809 803 852 et
811 815 864 850 mo-

90 875 226 926 derationis
249 874 342 934 Persei,
359 881 384 924 et
400 874 500 923 illorum
523 873 659 936 pervicacis
672 871 805 936 superbioe.
818 870 863 921 iu·

92 951 254 996 turostestes.
786 969 789 976 ·

303 1125 360 1172 EX
384 1126 520 1173 ΙιΙΙΙΙΜ)
542 1125 647 1172 mv

44 1295 75 1391 ,Υ
104 1298 107 1304 .
462 1261 496 1311 oo

47 1390 56 1407 ·’
126 1374 183 1436 Cap.
195 1373 234 1422 Ἡ.
249 1373 336 1424 Oratio
350 1379 373 1425 i.
392 1376 493 1424 AEtriilu'
509 1374 597 1425 Paulli
616 1375 643 1423 in
662 1373 835 1424 Macedoniam
863 1393 867 1398 ·

154 1443 295 1508 profecturi
304 1443 463 1504 adimiritoa.
481 1444 537 1508 (584
552 1444 592 1503 R„
608 1442 652 1492 iot
665 1457 703 1493 av.
728 1442 801 1507 J.-c.)

117 1545 192 1584 aerium
209 1545 353 1587 uacedonicum
377 1558 414 1596 per
435 1552 477 1587 tres
499 1558 559 1587 amma
584 1551 668 1585 tractum
688 1546 767 1597 taudem
789 1546 865 1586 Bmilio
919 1556 924 1565 ·

95 1592 163 1629 nautio
183 1597 237 1630 sorta
248 1593 321 1630 arania
334 1594 406 1638 ingena
422 1592 467 1630 niue
481 1594 547 1631 Romo
565 1593 650 1630 omnium
668 1592 743 1630 intima.
753 1591 829 1642 ¹Quare
845 1592 865 1630 io

95 1636 209 1729 {gififfim
225 1636 323 1686 processit
343 1637 410 1675 mosol
425 1642 447 1674 ot
465 1639 559 1685 populum
578 1638 631 1685 gravi
651 1636 688 1675 tuo
707 1639 795 1674 oratioue
817 1636 863 1674 alto

122 1775 190 1819 Roma
199 1783 244 1819 met
253 1783 302 1820 tout
310 1790 350 1821 son
360 1779 433 1834 espoir
442 1790 470 1820 ou
481 1767 626 1830 Paul-limum
638 1779 680 1822 elle
690 1789 775 1837 compte
785 1796 824 1825 sur
833 1781 865 1823 lui

95 1851 153 1895 pour
161 1840 268 1882 terminer
284 1840 304 1882 lo
315 1853 394 1893 guerre
404 1840 431 1882 de
441 1840 575 1893 ituctdoine;
587 1841 607 1884 la
623 1843 699 1884 consui
716 1843 761 1886 farn
772 1851 821 1887 tous
830 1855 865 1885 ses

95 1899 173 1943 efforts
182 1912 239 1954 pour
244 1901 407 1956 Justisseroetta
417 1903 536 1944 contianre.
547 1925 573 1933 —
586 1902 710 1956 Cepoudaut
720 1906 735 1947 il
745 1907 792 1948 faut
806 1905 864 1947 aussi

95 1975 139 2019 qua
148 1968 220 2005 toutes
229 1962 262 2005 les
271 1975 372 2006 rumeurs
382 1970 473 2006 cessent.
485 1964 500 2006 ll
512 1965 568 2006 n'est
576 1977 614 2018 pas
623 1977 668 2008 uuo
677 1969 828 2011 conversation
837 1965 866 2008 ou

95 2024 140 2067 i'ou
150 2037 178 2067 no
189 2026 283 2080 critique
293 2025 325 2068 les
334 2025 451 2080 gerimus,
462 2027 490 2069 ou
502 2027 545 2069 l'ou
561 2040 588 2069 ne
598 2027 702 2082 protende
712 2029 761 2072 leur
769 2031 866 2084 imposor

96 2100 127 2130 uu
136 2087 188 2141 plau
197 2086 355 2142 d'operations3
366 2089 415 2130 rieu
424 2088 536 2130 a'entrare
546 2088 566 2130 la
577 2101 656 2143 guerre
666 2090 715 2142 plus
724 2103 767 2145 que
777 2102 813 2133 ees
822 2089 867 2132 dis-

97 2161 169 2192 cours.
180 2148 236 2192 Tout
250 2150 271 2192 la
284 2147 364 2193 monde
374 2150 408 2192 u’a
417 2162 456 2205 pas
466 2150 486 2192 lu
495 2150 585 2192 roideur
595 2151 647 2193 d'uu
656 2150 741 2194 Fabius.
750 2175 778 2185 —
787 2153 803 2195 Δ
813 2164 867 2196 caux

96 2212 135 2266 qui
146 2212 285 2254 contraissent
301 2210 323 2254 la
339 2223 427 2266 guerre,
438 2213 476 2266 qui
493 2213 566 2254 noiant
575 2211 596 2253 lo
612 2224 671 2267 pars,
683 2212 698 2255 il
708 2213 830 2268 appartient
839 2211 867 2256 da

98 2272 184 2316 donnas
193 2273 231 2315 dos
241 2274 288 2316 avis
297 2285 339 2316 aux
350 2273 470 2327 geniorum
481 2273 575 2324 ceux-li,
586 2273 606 2315 io
617 2274 693 2316 consul
703 2275 804 2329 s'augaga
813 2274 825 2316 u
834 2273 867 2317 les

97 2344 211 2376 emmauer
221 2345 273 2376 aveo
282 2333 314 2376 lui
324 2335 335 2376 a
346 2345 381 2376 ses
390 2334 455 2386 irais;
467 2335 522 2376 mais
531 2345 576 2388 qua
584 2346 639 2376 ceux
654 2335 692 2389 qui
702 2335 785 2378 aimaut
793 2335 867 2377 mioux

97 2401 168 2437 nester
177 2395 229 2437 chen
238 2408 280 2438 eux
288 2407 312 2438 sa
322 2397 407 2438 taisent.
416 2395 433 2438 ll
444 2402 476 2438 ast
483 2408 542 2438 assez
552 2396 647 2439 d'autres
659 2397 728 2453 sujets
737 2395 867 2440 d'eutretieu

98 2455 153 2498 dans
162 2456 237 2499 Rome.

128 2555 334 2605 ⁴tuimadrertisse
348 2556 441 2613 videor,
460 2554 575 2613 Quirites,
594 2555 713 2618 majorem
732 2555 794 2607 mihi
811 2569 869 2609 sor·

99 2627 145 2676 tito
171 2625 333 2675 Macedoniam
370 2625 532 2688 provinciam.
560 2628 742 2688 gratulatiouen
768 2629 867 2687 iactam,

98 2709 175 2757 quam
187 2710 265 2759 quum
279 2703 323 2745 aut
331 2697 417 2746 consul
429 2710 509 2746 essem
519 2697 694 2755 consalutatus,
707 2703 750 2747 aut
762 2711 812 2761 quo
828 2698 869 2748 die

98 2767 274 2828 magistratum
283 2766 384 2831 inissem
397 2783 403 2813 ε
414 2781 495 2829 neque
504 2767 531 2816 id
544 2767 576 2816 ob
588 2768 661 2816 aliam
672 2782 780 2825 causam.
795 2783 869 2832 quum

99 2838 157 2902 quia
169 2839 234 2889 bello
253 2838 280 2887 iu
290 2839 433 2895 Macedonia,
444 2838 510 2899 quod
526 2838 569 2888 diu
582 2839 700 2898 trahitur,
714 2840 871 2890 existimastis

99 2908 203 2972 dignum
217 2908 343 2971 maiestate
354 2907 439 2974 populi
451 2908 558 2960 Romani
569 2910 669 2961 exitum
674 2907 894 2975 uerme'xmuoxix
