1904 3216
133 230 177 280 ml
437 229 597 279 beluosus

133 320 280 382 l'ugientium
291 321 383 381 raptim
397 319 523 378 agebatur,
537 318 596 380 quia
607 318 704 381 assequi
715 324 784 368 terra
793 332 844 368 non
856 333 902 381 po-

132 399 218 448 teram,
237 405 317 452 neque
331 403 461 449 regressus
476 391 507 438 ad
523 403 598 438 naves
613 397 675 447 erat,
690 397 781 452 quanta
795 391 903 440 maxima

132 461 200 523 potui
209 462 344 515 celeritate,
357 464 423 508 lanio
436 459 512 508 maris
527 467 700 522 terrarumque
711 461 820 510 circuitu
832 462 864 524 (6)
876 461 903 510 in

131 531 256 580 radicibus
273 544 348 593 prope
367 529 465 591 atpium
478 529 536 578 huic
550 529 660 579 timendo
672 531 737 580 hosti
751 531 839 580 obrius
853 531 899 581 lui.

131 602 226 658 Unum.
233 615 311 664 quum
323 599 472 650 declinarem
479 607 614 656 certamen,
624 601 776 664 improvisus
785 602 903 653 incidisse

131 672 400 728 videor‚anoceurrere
414 669 441 718 in
453 670 562 731 vestigiis
571 671 633 732 ejus,
645 672 903 721 lacessereactrahere

131 743 162 792 ad
175 741 372 790 decernendum?
389 744 501 806 Experiri
512 744 582 806 juvat
595 748 681 791 utrum
696 741 757 790 alios
770 742 903 805 derepente

131 812 346 873 Carthaginienses
357 815 495 876 perviginti
506 827 584 862 annos
592 813 779 869 terrasticum,
788 827 820 861 an
829 813 903 862 iidem

130 883 180 933 sint
192 883 235 944 qui
249 883 281 931 ad
292 883 387 944 AEgates
396 884 673 947 pugnaveruntinsulas‚
684 890 709 932 et
718 896 780 946 quos
787 884 818 932 ab
826 883 903 946 Eryce

131 955 306 1006 duodevicenis
317 956 424 1006 denariis
434 957 567 1006 aestimatos
581 955 614 1020 (7)
625 956 756 1012 emisistis;
780 962 805 1004 et
816 962 903 1004 utrum

130 1025 249 1076 Hannibal
261 1025 301 1075 hic
312 1027 345 1075 sit
353 1027 458 1076 aemulus
471 1027 591 1077 itinerum
605 1027 725 1084 Herculis,
737 1032 764 1074 ut
779 1025 832 1088 ipse
840 1026 901 1085 lert,

130 1110 163 1146 an
176 1096 303 1158 vectigalis
311 1097 536 1161 stipendiariusque
546 1103 572 1146 et
580 1111 667 1147 servus
677 1097 762 1160 populi
779 1098 903 1146 itomania

129 1173 200 1230 patre
215 1167 318 1217 relictus
323 1182 331 1224 ;
350 1181 425 1231 quem
438 1168 488 1217 nisi
503 1169 667 1229 Saguntinum
686 1168 768 1216 scelus
784 1167 901 1228 agitaret.

129 1238 266 1300 respiceret
277 1237 394 1300 profecto,
406 1239 427 1287 si
439 1253 488 1289 non
499 1239 605 1301 patriam
614 1239 713 1296 victam,
724 1239 826 1286 domum
834 1245 903 1288 certe

128 1315 284 1373 patremque.
296 1309 423 1359 etioedera
435 1308 579 1358 Hamilcaris
590 1309 683 1370 scripta
698 1321 783 1363 manu,
792 1309 836 1370 qui
844 1309 902 1373 jus·

129 1393 197 1432 ausa
215 1379 316 1428 consule
336 1385 421 1428 nostro
433 1378 577 1442 praesidium
592 1378 694 1427 deduxit
706 1377 737 1427 ab
749 1379 833 1441 Eryce,
856 1381 901 1443 qui

129 1465 215 1515 graves
228 1450 357 1512 impositas
366 1450 438 1499 victis
449 1449 692 1510 Carthaginiensibus
706 1449 774 1513 leges
792 1450 901 1500 fremens

129 1533 287 1581 moerensque
314 1520 416 1581 accepit,
438 1520 482 1583 qui
503 1519 622 1569 decedens
644 1519 728 1568 Sicilia
747 1519 902 1582 stipendium

129 1589 219 1652 populo
230 1589 338 1638 Romano
348 1589 408 1638 dare
418 1595 506 1651 pactus
518 1595 562 1638 est.
574 1591 659 1650 ltaque
671 1602 713 1638 vos
723 1601 778 1650 ego,
795 1588 899 1647 milites,

128 1673 179 1711 non
195 1673 224 1710 eo
235 1661 317 1709 solum
329 1661 421 1716 auimo,
433 1673 484 1722 quo
497 1661 614 1710 adversus
629 1661 692 1709 alios
707 1660 790 1710 hostes
804 1660 900 1719 soletis,

128 1744 242 1794 pugnare
262 1731 344 1788 velim,
368 1731 412 1779 sed
429 1744 486 1780 cum
506 1731 676 1792 indignatione
695 1730 803 1793 quadam
826 1738 901 1794 atque

129 1804 180 1858 ira;
192 1801 260 1850 velut
269 1801 291 1850 si
303 1815 386 1850 servos
395 1800 497 1850 videatis
510 1808 604 1851 vestros
615 1813 684 1849 arma
699 1806 901 1871 repentelcontra

128 1887 171 1926 vos
183 1874 298 1922 terentes.

160 1944 240 1994 Licuit
248 1943 280 2005 (si
292 1943 464 2006 voluissemus)
478 1945 509 1994 ad
525 1945 624 2006 Erycem
635 1945 835 2000 clausos,ultimo
843 1959 901 2008 sup-

129 2016 204 2081 plicio
218 2015 385 2064 humanorum
399 2014 442 2077 (8),
456 2016 519 2064 lame
533 2015 692 2080 interlicere:
708 2014 780 2064 licuit
795 2015 900 2064 classem

129 2087 257 2136 victricem
272 2085 298 2133 in
312 2085 418 2133 atrieam
429 2086 551 2148 trajicere,
573 2095 647 2147 atque
667 2088 733 2135 intra
745 2099 835 2148 paucos
848 2086 902 2135 dies

130 2157 183 2207 sine
193 2156 245 2205 nilo
251 2155 386 2204 certamine
397 2156 565 2217 Carthaginem
572 2156 663 2205 delere.
671 2155 771 2204 Veniam
783 2155 899 2205 dedimus

130 2225 302 2290 precantibus
317 2224 448 2274 emisimus
462 2239 490 2273 ex
501 2225 629 2274 obsidione
642 2237 648 2271 :
663 2238 750 2286 paceni
759 2238 817 2273 cum
827 2224 901 2274 victis

130 2297 245 2354 lecimus;
258 2295 342 2344 tutelae
353 2294 441 2344 deiude
452 2296 664 2345 nostraeduximus
675 2295 716 2358 (9),
728 2307 806 2356 quum
816 2294 899 2345 birico

129 2366 194 2415 bello
209 2371 369 2426 urgerentur.
380 2365 428 2414 Pro
443 2365 483 2414 his
495 2365 639 2427 impertitis,
651 2365 773 2415 furiosum
781 2364 900 2427 juvenem

131 2442 270 2498 sequentes,
281 2441 451 2498 oppugnatum
464 2437 569 2498 patriam
581 2443 691 2484 nostram
702 2436 901 2496 venientisque

129 2506 225 2555 aunam
240 2519 286 2568 pro
296 2507 384 2555 decore
399 2512 496 2554 tantum
509 2507 557 2555 hoc
570 2507 647 2562 vobis.
663 2513 747 2560 etnon
763 2520 809 2568 pro
822 2507 902 2556 salute

131 2653 151 2698 b.
174 2652 286 2704 circuito.
308 2661 414 2697 sous-ent.
431 2656 502 2708 [aeto.
529 2667 610 2709 ryn-
623 2655 643 2698 8.
663 2654 832 2706 Humerorum.
849 2669 899 2701 s.·e.

131 2739 158 2748 -
173 2715 194 2758 l.
211 2712 376 2758 uuoaeoicenn
397 2714 503 2758 denariis
528 2715 900 2772 suppliciorumdiumnnorumne

131 2774 255 2820 estimatae
271 2787 280 2817 .·
297 2776 395 2818 c'etnita
412 2789 436 2819 oe
452 2784 503 2820 taux
529 2777 575 2822 doit
583 2790 621 2834 pas
637 2779 682 2820 titre
696 2779 741 2833 pris
757 2789 814 2832 pour
827 2778 900 2822 homi·

132 2839 166 2889 118
175 2837 262 2880 deniers
271 2849 311 2892 par
319 2838 396 2892 soldatl
409 2839 503 2894 qu'avait
529 2852 592 2883 num.
610 2862 637 2873 -
658 2839 678 2884 9.
704 2839 787 2882 Tutela
815 2844 900 2884 reostrae

118 2898 159 2941 έεό
174 2897 269 2941 seelude
286 2896 308 2942 la
331 2912 413 2954 mncon
436 2901 502 2945 dela
529 2901 644 2952 ducimus,
653 2912 709 2956 pour
719 2900 901 2955 putavimuseoa

104 2959 218 3010 Sambon
234 2962 403 3020 minaglnolsa
417 2964 446 3010 de
460 2955 503 3010 ΓΕ·
530 2976 578 3010 ease
588 2962 800 3023 (populunltnteta
807 2967 909 3025 nostru..
