1904 3216
113 183 167 237 ,326
347 216 349 223 ·
424 185 586 236 outnottss
632 178 634 182 ὗ

119 303 161 354 liis
174 303 253 352 fretus
265 300 293 351 in
303 299 401 351 ltaliam
415 302 541 351 transiret.
558 302 612 351 llaec
628 315 686 351 eum
696 299 849 351 volutantem
863 299 893 350 iu

119 375 211 433 animo,
226 387 371 438 oppressum
392 373 451 430 lato,
476 387 583 436 regnum
602 373 627 423 ei
649 373 791 435 reliquisse,
815 385 893 435 quem

117 445 308 497 infestissimum
325 457 380 494 esse
402 445 522 494 sensisset
541 444 665 492 Romanis.
686 444 773 505 ltaque
792 442 891 500 Persea,

117 518 296 568 hereditarium
319 531 333 565 a
348 523 419 579 patre
439 517 554 566 relictum
573 516 678 573 bellum,
697 522 722 564 et
739 515 815 565 simul
833 529 892 566 cum

117 587 223 651 imperio
238 587 369 643 traditum,
383 585 488 648 jamjam
509 586 619 647 primum
631 585 662 647 tt)
684 586 750 635 alere
765 599 793 636 ac
806 585 892 637 lovere

117 658 233 708 omnihus
244 657 365 708 consiliis.
380 658 481 707 llorere
491 663 611 719 praeterea
620 657 749 718 juventute
759 655 802 720 (2),
815 669 891 719 quam

116 729 222 792 stirpem
229 729 301 791 longa
309 742 357 790 pax
368 727 486 784 ediderit,
500 728 589 776 llorere
601 727 689 789 opibus
701 726 783 789 regni,
800 725 891 778 llorere
935 768 937 772 ,

116 801 193 852 etiam
205 806 287 850 aetate.
303 801 362 856 Quae
374 813 451 862 quum
461 799 572 861 corporis
588 799 680 848 robore
696 812 725 846 ac
739 797 837 847 viribus
851 799 890 849 si-

116 878 180 935 geat,
195 872 307 920 animum
320 883 373 918 esse
389 869 558 918 inveteratum
572 868 667 917 diutina
687 873 741 918 arte
755 875 831 931 atque
841 883 890 920 usu

115 942 184 992 helii.
202 941 257 991 lam
276 941 335 991 iude
352 954 367 989 a
386 953 472 1002 puero,
489 939 569 1008 patris
586 939 761 998 coutubernio,
773 939 890 989 Romanis

114 1024 215 1075 quoque
231 1010 313 1068 bellis,
325 1025 375 1060 non
389 1009 502 1059 finitimis
517 1015 624 1068 tantum,
640 1016 766 1060 assuetum
783 1010 889 1061 missum

114 1096 130 1139 av
143 1087 217 1143 patre
226 1082 254 1131 in
271 1081 439 1144 expeditiones
455 1079 546 1129 multas
562 1079 704 1142 variasque.
721 1079 776 1128 lam
794 1092 825 1129 ex
839 1094 889 1143 quo

112 1153 166 1216 ipse
188 1152 324 1216 accepisset
344 1165 460 1215 regnum,
478 1150 557 1199 multa
571 1163 628 1213 quac
647 1163 698 1199 non
712 1150 745 1207 ri,
760 1163 810 1199 non
830 1150 888 1201 dolo

111 1222 253 1287 Philippus,
266 1222 350 1273 omnia
363 1229 489 1285 expertus,
504 1221 626 1283 potuisset
638 1220 733 1278 moliri,
742 1220 888 1272 admirando

112 1306 200 1343 rerum
207 1306 322 1343 successu
328 1292 438 1341 tenuisse
445 1290 487 1355 (5).
497 1291 635 1340 Accessisse
643 1289 745 1340 advises
752 1304 817 1348 eam,
829 1304 888 1353 quae

113 1365 185 1426 longo
195 1369 318 1427 tempore,
326 1363 414 1412 inultis
425 1361 573 1425 magnisque
582 1361 682 1410 meritis
695 1367 836 1425 pareretur,
844 1376 888 1413 au-

112 1435 261 1484 ctoritatem.
626 1443 630 1449 '

142 1503 204 1552 llam
224 1503 290 1565 apud
304 1502 403 1552 Graeciae
423 1507 497 1564 atque
513 1503 575 1552 dsiae
587 1503 701 1552 civitates
715 1501 797 1551 vereri
809 1503 887 1565 maje-

112 1576 199 1620 statem
209 1573 263 1635 eJus
276 1585 368 1621 omnes.
377 1571 435 1627 Nec,
448 1586 493 1633 pro
503 1573 595 1634 quibus
602 1572 707 1629 meritis,
717 1586 761 1634 pro
773 1587 823 1635 quo
830 1587 887 1623 rnu-

112 1641 239 1690 nificentia
252 1648 348 1692 tanturn
359 1641 381 1688 ei
392 1642 527 1700 tribuatur,
542 1655 645 1691 cernere
660 1657 666 1691 :
683 1655 727 1691 neo
742 1641 825 1692 dicere
838 1657 885 1705 pro

110 1719 180 1764 certo
195 1725 276 1775 posse,
287 1720 373 1762 utrum
387 1713 507 1770 felicitate
514 1713 538 1761 id
555 1712 661 1775 quadam
674 1711 728 1774 ejus
740 1712 842 1772 accidat,
853 1729 884 1764 an

113 1783 188 1847 (qtrod
203 1785 255 1847 ipse
277 1789 394 1832 vereotm·
409 1784 498 1847 dicere)
518 1783 613 1833 invidia
629 1784 745 1833 adsersus
763 1784 884 1837 Romanos

109 1853 220 1905 favorem
228 1853 265 1903 illi
272 1853 396 1902 conciliet.
409 1852 477 1903 luter
488 1853 552 1915 ipsos
566 1867 665 1915 quoque
675 1867 747 1916 reges
754 1853 883 1918 ingentem

110 1925 265 1978 auctoritate,
283 1923 379 1973 Seleuci
394 1923 471 1972 filiam
486 1923 584 1972 duxisse
598 1937 665 1980 enm,
685 1937 734 1972 non
748 1931 882 1988 petentem,

107 1995 152 2044 sed
165 1994 272 2059 petitum
288 1994 369 2052 ultr03
388 2007 499 2042 sororem
512 1993 609 2042 dedisse
619 1993 713 2043 Prusiae
722 1996 834 2055 precanti
848 2003 884 2046 at·

110 2079 158 2128 que
164 2064 260 2115 oranti:
270 2063 406 2114 celebratas
416 2076 467 2111 esse
475 2068 595 2124 utrasque
603 2063 704 2124 nuptias
714 2065 883 2123 gratulatione

109 2135 229 2198 donisque
243 2132 465 2183 innumerabilium
477 2133 640 2191 legationum,
656 2140 681 2182 et
692 2134 761 2182 velut
775 2136 883 2199 auspici-

107 2203 155 2255 ¹tus
165 2201 369 2267 (ltnobilissimis
379 2199 664 2265 populisdeductnsesse.
674 2203 882 2268 Boeotorumgen-

136 2378 208 2421 excit.
227 2377 248 2421 l.
267 2378 373 2422 Primum
392 2382 426 2419 est
444 2375 480 2419 ad·
505 2375 680 2420 remisserunt
696 2376 764 2420 Rome
780 2389 880 2421 onuom.

107 2439 173 2494 jectil
181 2441 216 2491 ici,
228 2453 280 2483 aroc
289 2440 310 2482 le
318 2451 370 2481 sens
380 2438 407 2481 de
419 2439 480 2492 (lun-
504 2437 559 2481 malt
568 2439 880 2494 auspicesnuptiarnmceux

107 2503 186 2556 quam)
197 2515 247 2545 rem
257 2501 408 2558 primariam.
421 2522 448 2532 -
456 2499 476 2541 2.
505 2501 543 2554 qui
554 2501 684 2551 assimulent,
693 2514 749 2555 pour
759 2501 815 2543 faire
825 2501 880 2545 hon-

107 2563 338 2617 Florerejuuentutc,
346 2562 478 2606 c'est-t-dire
504 2574 562 2604 nour
571 2575 613 2604 aux
625 2561 702 2617 e'poux,
714 2563 726 2604 d
743 2562 763 2604 la
774 2561 876 2605 celebra·

107 2625 230 2668 abundare
246 2625 380 2680 juvenibus,
398 2625 477 2674 sarcir,
505 2625 552 2666 tion
569 2624 634 2668 d'una
653 2637 715 2676 noce,
734 2637 799 2680 parce
825 2638 877 2680 que,

108 2687 240 2730 hominibus
248 2686 352 2731 militari
365 2688 441 2729 aelate.
450 2708 478 2719 ·-
506 2687 680 2738 anciennement,
689 2687 841 2730 onoonsultcit
846 2689 878 2731 les

106 2749 129 2793 3.
146 2749 260 2802 Tenuisse,
270 2762 327 2805 pour
343 2748 476 2798 obtinuisse,
505 2750 605 2804 auspices
615 2757 678 2792 avant
688 2750 786 2793 d’entrer
795 2750 849 2793 daus
856 2751 878 2794 le

106 2811 235 2861 confecisse.
254 2834 280 2844 -
298 2812 319 2855 l.
333 2809 476 2865 Auspicibus,
504 2811 583 2855 nourel
599 2811 681 2853 etotdu
694 2812 790 2866 mariage
804 2814 877 2857 :mais

103 2871 215 2915 Tito-Line
224 2872 280 2915 rond
292 2884 331 2927 par
340 2870 446 2927 auspices
455 2871 476 2913 le
503 2873 593 2917 Cicerou
603 2874 647 2915 cite
658 2878 694 2915 oet
708 2885 775 2928 usage
790 2885 876 2920 comma

93 2942 143 2980 mot
163 2941 301 2992 νυμοαγωγούς
324 2933 378 2979 dont
398 2931 478 2990 Polpbs
506 2932 873 2991 etuntdcitsieillidesoutemps,
