1904 3216
328 217 366 267 nt
381 216 450 266 ttvtt
466 216 552 267 ttntto
568 215 628 266 XXI·
816 216 863 266 119

94 333 160 398 quod
171 347 217 397 ege
228 333 292 382 nihil
303 332 417 382 dicturus
423 347 479 382 sum
486 334 535 382 uisi
544 333 708 396 quodatnbis
719 333 805 382 didici.
816 331 863 385 Vos

93 406 161 455 enim
173 404 240 467 quod
253 402 279 452 C.
294 404 404 454 Lutatius
413 407 498 454 consul
511 405 728 469 primonobiscum
739 406 863 456 ioedusie-

94 482 135 537 eit,
146 479 206 542 quia
215 490 297 540 neque
303 477 448 528 auctoritate
456 479 556 528 Patrum
565 493 609 528 uec
616 477 777 542 poputijussu
783 480 863 531 ictum

93 559 156 614 erat,
173 557 281 614 negastis
297 562 341 599 tos
356 562 386 598 eo
407 549 486 598 teneri
503 564 509 596 :
527 548 613 611 itaque
631 548 700 597 aliud
717 549 749 598 de
764 550 864 614 integro

93 623 175 672 fedus
188 622 287 686 publica
295 620 401 671 coneilio
415 620 492 669 ictum
502 628 548 670 est.
564 620 588 669 si
604 633 705 670 noanon
716 626 802 690 tenent
814 623 863 670 i'oe-

93 694 154 744 dera
171 698 255 743 vestm
266 693 314 743 nisi
329 707 359 742 ex
374 691 521 742 auctoritate
532 697 576 742 aut
588 691 659 748 iussu
673 697 754 742 vestre
763 691 821 759 icta,
831 706 863 741 ne

93 779 138 816 nos
149 765 251 829 quidem
265 762 425 813 Hasdrubalis
439 763 527 819 soedus,
542 764 607 826 quod
617 761 861 821 nobisinseiistecit,

92 836 205 898 obligare
214 836 300 898 potuit
313 835 419 884 Proinde
431 833 648 896 omittitesagunti
658 840 733 896 atque
745 834 813 885 Iberi
827 835 860 900 (1)

92 907 243 956 mentionem
254 907 336 956 iacere
350 912 384 963 et,
399 905 466 970 quod
481 905 526 955 diu
540 906 649 970 parturit
665 905 764 955 animus
773 912 862 973 vester,

92 979 227 1042 aliquando
237 979 325 1041 pariat.

125 1052 186 1100 Tum
199 1051 323 1101 Romanae
333 1047 390 1096 sinu
401 1062 432 1096 ea
443 1053 500 1112 tona
518 1050 598 1109 sacto,
618 1049 669 1103 Hie.
684 1048 775 1114 inquit,
792 1049 862 1100 vobis

90 1121 187 1172 bellum
199 1125 225 1168 et
233 1133 318 1183 pacem
328 1124 457 1181 portamus
472 1132 477 1165 :
492 1124 579 1168 utrum
593 1117 683 1182 placet,
699 1119 798 1168 sumite.

422 1303 530 1353 txxttx

89 1447 147 1510 cap.
167 1446 207 1496 ta.
230 1444 316 1496 Oratio
338 1444 413 1493 unius
433 1441 600 1507 entnjora'bua
620 1449 682 1493 natu
704 1443 733 1492 in
755 1444 862 1496 emilie

140 1515 321 1572 Volcianorum,
342 1514 432 1579 lenatia
453 1515 616 1564 Romanorum
631 1514 813 1578 respondentia.

111 1639 164 1677 netto
181 1635 374 1686 carthaginiensibus¹
385 1635 465 1680 indicto,
482 1634 540 1681 tegni
553 1634 631 1673 Romani
650 1635 740 1674 civitates
754 1637 858 1685 Hispania-

89 1695 133 1736 rum
141 1681 220 1735 adierat
227 1683 249 1719 ut
262 1691 295 1718 ena
305 1690 323 1717 m
333 1683 447 1718 societatem
462 1682 582 1763 getlieerent,
590 1684 650 1732 aut-n
659 1682 723 1718 Pmnn
733 1687 858 1720 averterant.

90 1730 123 1768 utu
131 1728 157 1765 ad
167 1728 268 1765 toletanas
275 1728 362 1769 ventum,
374 1725 412 1762 noe
420 1725 462 1761 eale
476 1733 498 1760 aa
507 1733 544 1772 per
557 1724 667 1772 ttnpamam
677 1734 793 1773 reapamum
804 1727 858 1766 tute·

89 1776 135 1812 tw!
149 1797 154 1808 .

222 1863 320 1920 neponsa
337 1862 481 1917 humilianta;
494 1865 592 1919 sanglant
603 1868 718 1921 repraehe.

119 1974 179 2030 Quae
189 1972 336 2032 verecundia
347 1980 393 2029 est,
404 1973 513 2028 Romani,
523 1973 647 2034 postulare
654 1989 697 2024 vos
705 1975 742 2024 uti
752 1982 858 2026 vestram
923 2014 925 2018 -

88 2043 331 2106 Carthaginiensium
344 2043 459 2093 amicitiae
472 2057 654 2106 pimponamua,
668 2060 755 2107 quum,
772 2047 816 2110 qui
833 2048 859 2096 id

88 2112 858 2178 recerunt,Sagunttnoserudetius,quamnoeuusuostisprodi-

88 2186 133 2245 tit,
144 2199 189 2236 vos
201 2184 262 2234 socii
272 2183 446 2248 pendideritis?
454 2184 488 2233 lbi
497 2184 700 2247 quaenatissoeios
708 2200 804 2243 censeo,
813 2188 857 2235 ubi

88 2255 228 2321 Saguntina
234 2254 314 2304 clades
320 2252 402 2315 ignota
411 2260 462 2303 est:
474 2254 588 2318 Hispanis
595 2257 702 2317 populis,
713 2256 858 2320 sieutlugu-

87 2327 141 2385 bre,
160 2326 197 2376 ita
210 2326 310 2387 insigne
328 2327 502 2376 docimentum
519 2326 621 2386 >agunti
636 2328 716 2376 ruinae
729 2334 810 2388 erunt,
825 2342 857 2378 ne

87 2396 212 2461 quisfldei
227 2397 343 2446 Romanae
353 2402 396 2446 aut
411 2394 521 2446 societati
537 2396 649 2444 confidat.

112 2519 234 2565 imvm.
256 2520 277 2564 1.
304 2519 393 2570 iberae,
418 2511 460 2562 tn
485 2519 857 2577 carthaginoise.Polyba,danason

89 2580 134 2636 hae,
148 2583 199 2638 qui,
208 2580 271 2624 selon
283 2580 316 2623 les
325 2580 399 2624 truites
408 2593 459 2623 eon·
486 2581 665 2635 troisiemelivna,
670 2591 757 2628 soumet
762 2585 783 2629 la
792 2600 857 2643 ques-

89 2644 133 2688 tlus
146 2656 200 2687 avec
213 2642 341 2694 Hasdrubal,
359 2655 387 2684 ne
405 2655 459 2697 pou·
486 2644 531 2685 tion
557 2656 616 2685 assez
640 2645 749 2699 complexe
772 2648 798 2691 de
819 2662 856 2694 ces

88 2706 185 2750 uittae
195 2704 280 2748 franchi
289 2716 327 2758 par
335 2715 377 2747 une
385 2703 458 2747 numae
485 2705 560 2748 arants
570 2707 582 2749 a
592 2719 622 2749 un
634 2719 724 2750 examen
734 2708 828 2754 detattlt.
