1904 3216
87 196 132 248 554
388 195 551 249 omrlolrs

87 310 154 375 apud
170 309 267 359 eosdem
280 316 305 360 et
319 317 470 361 accusatores
483 320 508 361 et
513 311 609 375 judices
620 323 700 374 agam.
714 313 805 364 Eorum
818 315 858 381 (ἓ),

87 386 180 440 autem,
191 394 248 442 quae
262 379 354 441 objecla
370 387 429 430 sont
443 382 515 440 mihi,
530 382 621 444 partim
636 397 666 432 ea
681 390 747 443 sunt,
763 386 856 447 quibus
870 382 872 386 ’

86 453 171 504 nescio
184 466 217 501 an
231 452 333 514 gloriari
348 452 461 512 debeam;
477 453 641 516 partimque
652 456 725 504 lateri
738 470 788 505 non
797 471 858 506 eru·

29 574 31 579 ,
86 525 199 582 hescem3
214 523 314 586 partim,
327 536 384 585 quae
393 524 469 572 verbo
477 522 574 584 objecta
582 524 657 574 uerbo
668 539 761 587 negare
769 527 802 575 sit
809 526 854 590 (5).

11 648 27 659 ,Ι
88 595 152 651 Quid
165 593 240 650 enim,
251 593 272 641 si
286 593 385 655 legibus
398 593 487 642 vestris
496 594 569 643 hodie
581 609 641 645 reus
654 596 712 654 sim,
725 602 769 645 aut
783 596 856 646 index

86 663 856 730 Brundisinusautllumenesmihiohjiciat,utaccusarepotius

9 733 11 737 '
87 748 238 797 remquam
247 733 393 793 conviciari,
402 733 548 784 rideantur?
562 734 696 798 Scilicetli)
709 751 755 786 nec
769 739 858 787 Eume·

87 820 141 863 nes,
152 819 231 867 quum
252 811 304 853 tam
321 804 408 853 multis
422 805 504 865 gravis
523 806 622 868 publice
636 821 665 856 ac
679 808 796 869 privatim
811 808 855 865 sit,

87 876 174 932 alium,
181 888 257 936 quam
267 889 317 930 me,
326 874 458 923 inimicum
469 875 556 925 habuit
568 891 574 924 :
587 890 667 940 neque
677 891 724 940 ego
735 877 858 940 potiorem

87 959 241 1010 quemquam
255 947 287 995 ad
302 945 440 998 ministeria
456 947 605 1004 facinorum,
622 962 697 1010 quam
714 949 856 998 Rammium

87 1031 163 1083 quem
175 1030 255 1078 neque
266 1030 378 1079 unquam
388 1023 445 1067 ante
455 1018 574 1076 videram,
586 1032 633 1068 nec
643 1033 712 1068 eram
721 1027 805 1082 postea
819 1021 858 1068 vi-

86 1102 170 1146 surus,
183 1087 297 1137 invenire
307 1087 386 1150 potui.
402 1087 431 1135 Et
446 1087 631 1147 Thebanorum,
647 1103 709 1153 quos
724 1090 857 1151 naufragio

87 1159 179 1222 perisse
193 1163 296 1214 constat,
308 1163 333 1206 et
344 1157 487 1208 Arthetauri
495 1157 570 1206 caedis
581 1157 647 1208 mihi
660 1148 783 1208 reddenda
792 1159 857 1207 ratio

25 1270 27 1275 .
86 1235 125 1278 est
135 1241 142 1276 ι
153 1228 180 1276 in
189 1239 237 1288 qua
247 1233 331 1275 tamen
341 1226 405 1276 nihil
418 1227 483 1275 ultra
489 1227 615 1288 objicitur,
624 1241 701 1290 quam
710 1227 857 1277 interlecto-

86 1311 128 1348 res
137 1297 190 1360 ejus
200 1296 227 1344 in
236 1309 314 1359 regno
326 1296 438 1345 exulasse
447 1309 510 1344 meo.
520 1297 594 1358 Cujus
603 1297 751 1347 conditionis
760 1296 857 1359 iniqui·

86 1373 164 1416 tatem
178 1366 213 1414 ila
228 1379 278 1416 non
292 1379 348 1414 sum
362 1372 532 1422 recusaturus,
544 1366 564 1413 si
573 1379 616 1414 ros
628 1380 726 1429 quoque
735 1367 858 1430 accipitis,

87 1444 126 1494 ut,
138 1436 291 1499 quicumque
304 1435 389 1484 exules
395 1435 422 1484 in
434 1434 533 1484 Italiam
544 1442 587 1484 eut
599 1437 700 1485 Romam
711 1450 737 1485 se
747 1436 858 1485 contule·

85 1512 154 1566 runt,
161 1507 200 1555 his
207 1506 355 1562 facinorum,
364 1511 468 1567 propter
481 1505 652 1567 quaedamnati
664 1512 733 1562 sunt,
743 1510 859 1553 auctores

86 1589 130 1626 vos
144 1576 219 1625 luisse
229 1575 366 1625 fateamini.
376 1575 401 1623 Si
410 1576 458 1624 hoc
472 1582 498 1624 et
509 1588 552 1624 ros
561 1575 719 1630 recusabitis,
734 1580 761 1622 et
770 1585 859 1622 omnes

86 1647 144 1696 aliae
158 1651 252 1708 gentes,
269 1660 316 1708 ego
333 1645 504 1707 quoqueinter
518 1652 614 1694 ceteros
627 1659 679 1694 ero.
694 1643 856 1703 lichenum,

86 1717 364 1780 quidattinetcuiquam
372 1715 568 1780 exiliumpatere
576 1717 619 1779 (5),
627 1716 648 1765 si
659 1729 782 1778 nusquam
788 1715 856 1765 exuli

86 1788 189 1838 iuturus
199 1787 268 1836 locus
280 1787 335 1835 est?
346 1788 396 1848 Ego
408 1792 491 1836 tamen
503 1787 572 1847 istos,
584 1794 614 1837 ut
621 1787 732 1850 primum
743 1786 770 1836 in
780 1787 858 1835 llaec·

87 1856 161 1909 (buia
173 1872 236 1915 esse,
244 1857 384 1906 admonitus
394 1871 409 1906 a
421 1858 497 1916 vobis,
508 1859 627 1919 comperi,
639 1856 775 1919 requisitos
788 1856 857 1906 abire

87 1941 117 1978 ex
129 1942 205 1991 regno
216 1926 289 1991 jussi,
308 1933 332 1976 et
343 1928 369 1976 iu
383 1934 532 1990 perpetuum
548 1927 666 1976 interdixi
681 1924 856 1976 finibusmeis.

87 2114 148 2159 tolla
157 2119 267 2157 comment
275 2113 292 2155 il
298 2112 344 2154 faut
351 2113 456 2156 enteudre
483 2125 524 2168 par
531 2110 630 2166 ciceron,
641 2120 663 2156 et
671 2125 695 2156 se
705 2109 810 2168 presente
820 2124 856 2155 ra-

88 2188 113 2220 ce
121 2187 211 2231 passage
228 2174 283 2217 ecrit
300 2185 353 2215 avcc
375 2173 457 2215 delica·
483 2174 632 2217 remeutdaus
641 2173 663 2217 le
677 2173 744 2216 siecle
758 2172 812 2215 d'or.
824 2172 854 2214 lci

87 2250 153 2286 lesse.
169 2241 199 2284 0u
218 2253 274 2284 aru
291 2251 335 2283 une
350 2240 410 2282 laute
429 2240 456 2282 de
484 2236 504 2278 la
516 2235 582 2280 finde
596 2237 617 2279 la
636 2235 734 2292 piriode‚
744 2233 854 2277 terminec

87 2302 219 2360 grammaire
228 2301 282 2344 daus
299 2300 319 2342 la
335 2299 413 2343 linison
429 2300 456 2343 de
483 2299 539 2340 ainsi
566 2310 605 2354 par
627 2309 715 2354 necare
736 2297 776 2348 eil,
799 2297 857 2338 n'eet

87 2368 199 2422 aqeretur
207 2375 259 2405 avec
272 2373 355 2416 aqam
372 2361 387 2403 il
406 2361 457 2403 n'eu
483 2372 521 2415 pas
543 2359 595 2403 d'un
618 2359 663 2402 bon
681 2358 735 2401 ellel
752 2370 757 2400 z
777 2357 793 2400 il
820 2361 855 2400 est

87 2431 121 2468 est
129 2426 184 2467 rien.
196 2446 223 2455 -
234 2423 254 2466 2.
270 2422 355 2465 Eorum
372 2420 457 2475 depcnd
483 2421 578 2477 possible
587 2434 631 2477 que
639 2419 745 2465 'lite-Lim
760 2419 790 2462 ait
799 2418 855 2461 ecrit

88 2488 115 2531 de
126 2486 225 2543 parlim,
245 2484 338 2526 adverhe
354 2483 401 2537 qui,
418 2494 457 2536 par
483 2495 570 2539 neqare
586 2496 624 2527 riu
641 2482 681 2526 eil.
692 2481 748 2524 -4,
758 2480 854 2524 Scilicet

87 2564 119 2594 uu
129 2551 236 2593 idiotismo
253 2546 314 2589 dela
329 2546 409 2599 langue
426 2544 458 2586 la·
484 2556 634 2601 annouceque
648 2557 674 2588 ee
692 2544 731 2600 qui
748 2542 793 2586 suit
808 2543 854 2586 doit

88 2608 458 2666 tine,iquivnutdnnslacoustruc·
484 2604 855 2662 etreprisironiquement.Gravis

87 2675 134 2717 tion
145 2674 156 2715 t
176 2686 206 2714 un
222 2669 345 2720 nominatis,
353 2681 420 2724 pars.
430 2691 457 2701 -
483 2681 540 2724 pour
548 2669 663 2722 molestus,
676 2669 784 2722 icharge.
794 2689 822 2699 —
832 2666 852 2710 5.

87 2736 108 2780 5.
120 2736 208 2791 ll'eqare
218 2734 250 2775 sil
260 2745 315 2786 pour
331 2743 417 2786 neqare
429 2730 457 2773 li·
483 2730 587 2775 Exilium
598 2735 687 2788 palere,
701 2729 755 2785 qu'il
769 2730 801 2772 lui
811 2730 857 2771 soit

88 2802 149 2848 cccl,
160 2815 169 2835 a
181 2802 215 2837 cst
223 2795 234 2835 a
242 2795 318 2836 nier».
328 2793 366 2835 Cet
375 2792 456 2848 emploi
484 2792 540 2836 libre
549 2793 576 2836 dc
590 2794 723 2847 s'erpatrier.
734 2791 809 2834 G'etait
822 2802 854 2832 uu

89 2859 117 2901 ile
127 2861 159 2900 est
168 2868 224 2912 pour
234 2855 296 2914 iicet:
314 2867 397 2898 comme
415 2855 456 2898 lm
483 2854 581 2899 benefice
595 2854 654 2898 dela
668 2855 711 2898 loi:
722 2865 752 2897 on
766 2851 855 2909 pouvait

71 2931 136 2972 pour
156 2919 219 2966 cisen
242 2919 298 2963 e'cst
318 2931 360 2976 pas
386 2917 457 2964 adluis
485 2916 710 2965 sententiolam
725 2913 855 2972 procescri·
