1906 3690
221 579 259 628 EX
275 576 369 628 baelil
384 576 578 629 mstonllndb
592 579 679 630 lieno
697 584 717 631 Ι.
814 585 858 634 tlt

124 698 149 750 Si
161 705 185 747 te
194 697 306 759 privatus
315 694 368 756 lege
374 693 471 743 amiate
478 694 543 756 apud
552 695 681 758 pontifices
691 696 736 760 (l),
743 702 773 746 ut
781 699 860 748 moris

91 775 138 828 est,
148 769 304 829 adoptarem
321 770 347 814 et
355 764 417 813 mibi
425 763 554 826 egregium
563 771 616 814 erat
628 764 695 814 Cneii
711 767 820 830 Pompeii
834 775 860 817 et

92 841 120 889 ll.
130 837 209 888 Crassi
216 836 324 886 sobolem
334 835 364 897 (2)
372 835 399 883 in
403 840 503 904 penates
508 848 575 884 meos
580 836 709 896 asciscere,
715 844 739 886 et
744 838 789 886 tibi
798 838 860 888 insi·

93 925 149 971 gne,
164 907 277 970 Sulpiciae
286 920 314 955 ao
320 906 422 955 Lutatiae
435 904 523 954 deeora
537 906 661 955 nobilitati
670 911 720 955 tuae
731 908 857 970 adjecisse.

92 982 160 1028 b'unc
166 993 206 1028 me
213 979 314 1027 deorum
322 975 502 1038 bominumque
509 989 629 1026 consensu
637 977 667 1026 ard
676 976 810 1041 imperium
818 995 860 1030 ro-

92 1055 174 1098 cntum
192 1048 309 1110 praeclara
322 1046 416 1096 indoles
434 1052 478 1096 tua
495 1052 520 1096 et
527 1060 598 1097 amor
607 1047 695 1110 patriae
708 1048 816 1111 impulit,
830 1059 858 1100 nt

91 1119 266 1182 principatum,
273 1119 303 1167 de
310 1130 359 1180 quo
366 1117 472 1180 majores
478 1117 557 1166 nostri
565 1119 642 1166 armis
652 1119 786 1175 certabant,
794 1120 858 1169 bello

90 1191 200 1253 adeptus,
214 1188 350 1252 quiescenti
362 1188 474 1245 offeram,
486 1188 596 1258 exemplo
615 1187 665 1236 divi
688 1190 801 1251 Augusti,
814 1192 858 1253 qui
903 1192 905 1196 ’

90 1263 185 1312 sororis
196 1262 276 1310 tilium
291 1260 438 1316 llaroellum,
447 1259 505 1308 dein
519 1272 639 1320 generum
646 1259 789 1322 Agrippam,
801 1275 858 1311 mox

90 1339 190 1397 nepotes
200 1346 267 1389 suos,
274 1337 399 1394 postremo
409 1329 534 1380 Tiberium
541 1331 662 1379 Neronem
669 1331 822 1393 privignum,
830 1332 857 1382 in

89 1405 201 1467 proximo
219 1402 266 1451 sibi
284 1401 384 1463 fastigio
396 1401 532 1450 collocarit.
546 1402 592 1450 Sed
603 1404 727 1465 Augustus
739 1403 766 1452 in
784 1405 857 1465 domo

90 1486 255 1523 successorem
263 1471 386 1534 quaesivit,
392 1485 439 1533 ego
446 1471 473 1520 in
480 1471 619 1535 republica:
631 1485 681 1520 non
690 1472 747 1534 quia
755 1473 857 1536 propin·

90 1556 152 1604 quos
162 1546 205 1590 aut
211 1540 291 1590 socios
299 1540 356 1590 belli
371 1554 421 1589 non
434 1541 550 1596 babeam3
566 1540 607 1590 sed
622 1553 703 1602 neque
718 1541 772 1603 ipse
781 1542 857 1604 impe·

89 1614 157 1661 rium
164 1611 385 1673 ambitioneaocepi
394 1609 559 1674 (SbetJ'udicii
567 1610 616 1659 mei
623 1611 799 1660 documentum
806 1613 857 1662 sint

89 1695 139 1730 non
146 1695 207 1730 meae
216 1686 312 1730 tantum
325 1679 530 1738 necessitudines
541 1693 602 1743 quas
611 1680 657 1729 tibi
664 1683 802 1743 postposui,
812 1685 856 1732 sed

88 1760 113 1802 et
121 1758 177 1801 tuae.
186 1753 228 1800 llst
237 1751 282 1800 tibi
292 1752 369 1800 scater
379 1751 435 1814 pari
446 1749 584 1809 nobilitate,
594 1758 654 1801 natu
667 1752 755 1814 major,
764 1753 856 1816 dignus

88 1824 247 1880 baclortuna,
255 1820 304 1870 nisi
314 1828 342 1871 tu
352 1821 436 1884 potior
447 1835 522 1870 esses.
531 1823 563 1870 lla
570 1828 686 1880 aetastua,
695 1836 750 1884 quae
760 1824 856 1886 cupidi·

89 1900 150 1943 tates
159 1891 516 1954 adolescentiaejameffugerit3
526 1906 555 1942 ea
562 1892 621 1950 vita,
632 1892 660 1942 in
668 1894 855 1958 quanibilprae·

88 1965 190 2013 teritum
197 1963 361 2012 excusandum
372 1963 470 2012 habeas.
479 1962 613 2012 Fortunam
620 1963 700 2012 adhuc
707 1969 803 2013 tanturn
813 1965 855 2013 ad-

87 2048 183 2082 versam
190 2033 269 2083 tulisti
278 2033 308 2096 (l)
317 2050 323 2079 :
332 2033 489 2082 seoundaeres
497 2032 636 2082 acrioribus
643 2033 751 2084 stimulis
758 2037 854 2084 animos

87 2106 222 2168 explorant,
235 2104 293 2167 quio
308 2103 416 2152 miseriae
426 2104 574 2161 tolerantur,
586 2105 702 2154 felicitate
714 2107 854 2168 eorrumpi-

86 2190 152 2225 mur.
165 2176 264 2234 l'idem,
279 2175 431 2233 libertatem,
446 2174 595 2234 amicitiam,
607 2176 733 2239 praecipua
750 2177 853 2225 hnmani

113 2332 164 2378 llll.
179 2335 199 2376 l.
216 2331 272 2388 Lege
284 2332 378 2374 carriolo
393 2331 457 2387 apud
483 2331 574 2375 Lutatii
591 2344 630 2387 par
647 2345 671 2374 sa
692 2331 761 2375 mere.
780 2355 807 2364 -
831 2335 852 2379 5.

84 2395 230 2451 pontifices...
245 2393 388 2447 adoptarem.
403 2394 457 2435 bans
483 2393 559 2449 Neque
576 2392 627 2449 ipae
642 2393 767 2449 imperium
779 2393 854 2437 ambi·

88 2457 200 2510 l'origine,
215 2461 275 2498 toute
288 2454 390 2509 adoption
404 2455 458 2498 etait
484 2455 546 2498 lione
572 2455 658 2510 accepi.
678 2471 688 2495 ι
711 2454 777 2498 Galba
801 2462 854 2498 veut

86 2516 457 2572 soumisedlaldgalisationdupeu-
483 2516 552 2558 dire:
569 2515 608 2558 l'ai
626 2516 665 2558 des
681 2516 853 2571 proebesetdes

86 2579 121 2634 ple
136 2577 243 2620 assemble
259 2590 286 2619 en
301 2583 370 2619 trente
384 2579 457 2621 curies
483 2576 852 2632 compagnomdarmesetjepour-

87 2639 458 2694 (comitiiscuriatisletalasanu
482 2637 528 2680 rais
551 2637 635 2680 donner
656 2636 754 2693 l'empIre
776 2638 789 2681 d
807 2639 851 2682 l'un

87 2704 133 2744 tion
148 2701 186 2744 des
196 2700 304 2755 pontiles:
315 2700 364 2755 plus
379 2701 455 2752 tardi
479 2700 550 2754 deux.
567 2695 618 2739 blais
628 2692 644 2739 il
656 2711 669 2752 y
683 2697 755 2739 aurait
773 2706 799 2740 do
817 2709 855 2743 mn

85 2769 141 2806 cette
157 2762 275 2804 validation
292 2760 336 2815 (leo
352 2760 454 2814 curiata)
480 2755 853 2815 partcdcul,envtedeleurplaire‚

87 2824 121 2866 lut
136 2823 258 2866 substitute
270 2821 291 2865 la
306 2821 409 2877 presence
427 2822 454 2866 de
482 2820 853 2877 complaisnnceinteresseepcmbi·

86 2893 157 2929 trente
167 2886 257 2927 licteurs
270 2896 322 2926 avec
335 2883 368 2927 les
384 2884 455 2938 ponti·
482 2883 533 2936 trop
553 2889 575 2926 et
591 2896 616 2924 ce
632 2884 687 2926 n'est
703 2896 741 2939 pas
758 2883 851 2926 deoette

86 2949 125 2990 ses.
137 2969 162 2978 —
177 2947 197 2990 2.
216 2946 255 2989 Gn.
268 2945 371 3002 Pompeii
388 2948 411 2988 et
424 2945 452 2990 ΙΙ,
481 2943 851 3000 manierelambt‘tione)queJ'el'ai

86 3007 163 3051 Groui
182 3006 281 3050 sobolem
294 3019 302 3048 .·
321 3005 384 3049 Pison
402 3005 455 3050 etait
481 3016 534 3058 recu
543 3006 667 3049 moi-meme
678 3018 684 3048 z
696 3017 747 3048 mon
757 3005 850 3049 eleotion

85 3070 120 3111 llls
137 3069 164 3111 de
179 3068 263 3111 dancus
278 3067 367 3111 Crassus
389 3074 411 3111 et
426 3068 453 3111 de
479 3067 514 3110 n'a
528 3069 589 3123 point
604 3067 638 3111 ete
653 3081 684 3111 un
697 3075 850 3123 arrangement

85 3130 208 3181 Scribonia,
237 3130 299 3173 nidoe
325 3130 352 3173 de
377 3129 453 3173 Sextus
479 3127 849 3184 delamillexjeveuxquolatienne

85 3191 185 3247 Pompte,
192 3190 226 3232 tls
235 3191 265 3233 du
274 3191 342 3246 grand
351 3189 451 3244 Pompbe.
480 3190 522 3232 soit
531 3190 622 3235 l'oeuvre
629 3191 680 3234 d'un
684 3191 799 3246 jugement
809 3190 850 3233 im·

84 3250 148 3294 Galba
165 3251 217 3294 etait
229 3250 275 3293 issu
289 3250 316 3293 de
329 3249 351 3293 la
369 3251 454 3293 maisou
479 3251 564 3304 partinl.
575 3268 587 3291 ι
596 3252 710 3308 Barnous.
724 3274 751 3284 -
763 3251 784 3296 4.
796 3252 852 3294 For-

85 3314 123 3355 dcs
132 3311 232 3368 Sulpicii
241 3323 281 3370 par
294 3322 334 3355 son
347 3311 407 3368 pere,
414 3311 453 3356 des
479 3314 562 3356 tanam
571 3316 668 3358 tontum
681 3312 814 3357 edomant
824 3313 868 3349 tu·
