1904 3216
304 206 342 256 EX
357 205 424 255 Lll'll
442 205 527 256 hlhlto
543 206 606 256 xlv.
794 208 840 257 553

68 319 207 372 bilissimus
227 322 840 386 opulentissimusquerexcaptus,ubivictoripo-

69 392 127 455 pulo
141 391 310 441 ostendetur?
324 393 390 450 Quos
403 393 498 456 Syphax
508 408 553 442 rex
565 401 660 456 captus,
672 396 779 444 accessio
789 397 840 443 Pu-

67 462 118 514 nici
131 461 345 521 belli‚concursus
357 464 453 520 lecerit,
466 465 583 526 plerique
595 465 768 515 meminimus:
779 467 840 515 Per-

68 548 126 585 seus
139 550 183 585 rex
194 542 288 597 captus,
303 537 434 598 Philippus
445 542 470 585 et
478 537 615 586 Alexander
625 538 671 586 lilii
680 538 759 600 regis.
771 544 838 588 tanta

67 608 170 657 nomina
175 608 359 657 subtrahentur
369 608 478 658 civitatis
486 609 585 660 oculis?
597 610 682 671 lpsum
693 609 841 659 hlamma

67 678 107 727 his
118 679 254 737 consulem,
263 679 412 729 domitorem
424 677 534 737 Graeciae,
543 680 656 728 omnium
666 680 732 729 oculi
741 680 842 742 conspi-

67 763 124 798 cere
137 750 226 799 urbem
240 764 318 799 curru
333 750 516 812 ingredientem
528 758 608 800 avent.
625 751 660 800 hd
671 752 718 800 hoc
733 752 838 801 lecimus

67 820 204 876 consulem,
226 826 255 870 ut
266 821 368 878 bellum,
387 834 433 883 per
447 821 642 882 quadriennium
656 822 751 883 ingenti
763 821 837 871 etiam

66 890 163 953 pudore
183 898 269 941 nostro
281 897 399 949 tractum,
412 890 544 953 perliceret
554 908 562 940 t
571 892 612 941 cni
627 893 716 941 sortito
733 892 837 955 provin-

66 960 141 1019 ciam,
151 961 192 1011 cui
204 962 372 1025 proficiscenti
384 962 589 1024 presagientibus
601 964 693 1012 animis
708 963 837 1014 victoriam

66 1030 272 1093 triumphumque
282 1030 471 1086 destinavimus,
481 1033 506 1080 ei
520 1032 611 1081 victori
622 1033 779 1094 triumphum
789 1046 837 1083 ne·

66 1102 171 1163 guturi‘l
182 1108 207 1150 et
220 1102 323 1164 quidem
334 1115 384 1150 non
398 1101 626 1158 hominesrantum
641 1104 684 1152 sed
694 1104 753 1153 deos
764 1105 838 1154 etiam

66 1185 112 1222 suo
134 1173 231 1222 honore
247 1171 409 1220 fraudaturi?
426 1170 479 1220 lllis
490 1185 590 1234 quoque
602 1173 679 1230 ellim,
697 1187 746 1222 non
756 1175 838 1223 solum

64 1245 218 1299 hominibus.
234 1245 338 1294 debetur
348 1245 500 1307 triumphus.
516 1244 619 1307 llajores
629 1246 705 1294 vestri
721 1246 835 1296 omnium

66 1328 214 1375 magnarum
228 1328 316 1363 rerum
331 1320 357 1363 et
371 1313 496 1379 principia
507 1313 589 1363 exorsi
598 1315 629 1362 ab
637 1315 686 1363 diis
696 1321 764 1371 sunt,
774 1317 839 1365 etli-

66 1397 122 1432 nem
136 1391 290 1434 statuerunt.
303 1385 393 1434 Consul
403 1384 558 1445 proficiscens
571 1392 696 1448 praetorve
706 1387 838 1449 paludatus

69 1465 128 1502 cum
140 1450 274 1501 lictoribus
285 1452 312 1501 in
321 1453 475 1515 provinciam
488 1459 513 1502 et
527 1454 559 1502 ad
570 1454 672 1514 bollum,
688 1460 745 1504 vota
753 1453 781 1503 iu
795 1453 837 1503 Ga·

68 1521 156 1585 pitohu
168 1530 317 1584 nuncupat:
339 1525 429 1580 victor,
449 1530 592 1586 perpetrato
613 1524 707 1580 eodem,
729 1523 836 1586 inCapi·
902 1582 908 1595 .

69 1592 131 1642 tolio
144 1592 305 1655 triumphans
318 1594 349 1643 ad
368 1594 468 1643 eosdem
488 1594 555 1651 deos,
571 1594 664 1657 quihus
675 1601 731 1643 vota
743 1607 837 1643 nuncu·

68 1662 146 1727 pavit,
156 1664 248 1713 merita
263 1664 328 1714 dona
336 1665 423 1727 populi
440 1664 544 1714 Romani
553 1666 700 1715 transvehit.
712 1664 774 1713 Pars
789 1677 840 1715 non

70 1735 175 1784 minima
189 1732 312 1794 triumphi
324 1737 362 1782 est
379 1730 429 1795 (tt)
445 1727 553 1778 victime
565 1728 743 1791 precedentes,
762 1736 791 1777 ut
799 1742 843 1789 ap-

70 1812 164 1868 pureat.
181 1802 229 1853 diis
239 1809 324 1865 grates
337 1807 454 1864 agentem
472 1802 648 1862 imperatorem
660 1799 692 1848 ob
703 1798 842 1861 rempubli-

71 1887 126 1923 cam
146 1874 209 1923 bene
228 1879 322 1935 gestam
339 1871 431 1921 redire.
455 1870 546 1920 Omnes
565 1870 621 1919 illas
640 1868 762 1923 victimas,
782 1881 843 1930 quas

71 1945 237 1994 traducendas
247 1943 275 1992 in
285 1943 414 2005 triumpho
424 1942 515 1991 dicavit
528 1941 586 2004 (lb),
596 1942 657 1989 alias
667 1941 716 1989 alio
725 1940 843 1995 caedento,

71 2016 231 2066 mactabitis?
245 2014 328 2075 Quid?
337 2015 393 2062 illas
405 2013 490 2075 epulas
502 2020 675 2072 senatusque
688 2023 733 2058 nee
747 2009 843 2069 privato

71 2088 134 2144 loco,
153 2100 199 2136 nec
222 2085 320 2148 publico
335 2084 449 2147 profano,
475 2083 563 2133 sedin
582 2081 700 2144 Capitolio
725 2081 843 2136 eduntur,

74 2161 169 2222 (utrum
184 2157 315 2207 hominum
331 2155 462 2218 voluptatis
482 2168 565 2209 causa,
584 2166 615 2200 au
635 2153 741 2200 deorum
761 2151 845 2199 homi·

71 2228 210 2291 numquell
231 2234 331 2277 auctore
355 2227 441 2276 Servio
461 2226 543 2280 Galba,
565 2223 690 2272 turbaturi
713 2222 795 2271 estis?
819 2224 843 2271 t.

72 2300 154 2351 Paulli
163 2299 290 2361 triumpho
298 2304 377 2359 portae
383 2298 547 2346 claudentur?
560 2294 610 2343 nex
621 2294 779 2342 llacedonurn
789 2294 844 2341 lur-

73 2385 132 2422 seus
146 2384 204 2421 cum
215 2370 303 2419 liberis
313 2377 338 2419 et
346 2370 419 2418 turba
431 2368 480 2416 alia
490 2365 652 2427 captivorum,
671 2363 750 2425 spolia
767 2364 845 2411 blace-

73 2442 176 2499 donum‚
190 2440 255 2490 citra
269 2440 362 2489 llumen
374 2437 618 2501 (llllrellnquentur‘l
639 2438 663 2483 L.
676 2434 777 2482 Paullus
787 2434 844 2495 pri-

73 2518 160 2572 vatus,
176 2516 297 2572 tanquam
308 2524 369 2559 rure
380 2509 488 2566 rediens,
507 2522 520 2555 a
532 2513 604 2569 portu
617 2506 720 2554 dommn
733 2504 799 2554 ibit?

72 2664 151 2703 annue
164 2669 190 2701 ce
203 2658 278 2712 prince
296 2665 330 2701 est
345 2655 447 2700 nommde
474 2656 564 2712 phrases
572 2655 599 2697 dc
607 2661 663 2697 cette
670 2655 748 2709 espdce
757 2666 787 2698 on
794 2664 847 2710 peut

74 2722 175 2764 occatio
185 2719 243 2762 betti
259 2719 409 2768 Hucedonict',
420 2718 446 2762 de
474 2724 553 2760 mettre
570 2716 758 2759 indifferemment
773 2720 808 2759 eat
824 2726 847 2761 et

73 2781 283 2837 mdmaqu‘oulitun
292 2794 334 2834 peu
344 2781 446 2836 plushas,
473 2784 536 2824 sunt.
548 2803 573 2811 -
587 2781 620 2824 15.
636 2780 735 2831 blandit,
747 2780 809 2832 lacon
818 2782 846 2824 de

74 2844 177 2901 Sophos,
187 2844 348 2889 &coutubelli
364 2842 447 2887 l'uurcl
474 2841 581 2886 l'uruebc.
601 2843 630 2885 he
648 2843 768 2885 rrmnusrrit
784 2851 847 2896 porto

74 2908 168 2967 (territt.
184 2932 204 2943 -
218 2908 251 2950 ll.
268 2907 326 2949 hat.-
344 2907 398 2949 dans
415 2906 447 2947 los
475 2902 699 2949 titubaldum-lb.
717 2903 864 2947 hinniente

701 3005 752 3052 hu.
