1904 3216
303 231 339 280 ml
355 231 423 282 Llllll
439 232 527 289 tttlto
544 232 624 286 ult.
814 236 860 287 tut

87 348 279 399 venisset-dt.
288 347 497 403 hercule,milites
511 354 634 399 contactos
643 352 775 414 sacrilegio
784 353 857 404 furor

85 419 857 487 agitat:inducibusipsispuniendisnullumdeaenumenappa·

86 490 156 540 ruit'l
171 490 224 539 lnto
237 488 273 537 ibi
286 503 394 551 praesens
408 490 514 538 maxime
527 490 583 540 luit.
597 490 677 552 tii-gis
691 495 747 542 eaesi
761 495 856 544 tribuni

86 563 118 611 ub
128 562 210 622 legato
220 567 292 609 sunt:
304 562 400 621 legatus
407 560 494 609 deinde
504 560 603 611 insidiis
608 563 768 613 tribunorum
778 564 859 615 inter-

86 640 182 696 oeptus,
187 630 480 693 praeterquemquodtoto
489 644 591 693 corpore
595 633 726 690 laceratus,
732 648 791 685 nuso
797 650 860 698 quo·

85 715 136 767 que
142 701 295 763 auribusque
303 700 401 756 det-isis,
414 701 544 763 exsanguis
555 709 592 751 est
597 703 699 753 relictus
712 718 718 751 ι
729 712 859 755 recreatus

86 773 176 824 deinde
190 776 286 835 legatus
302 788 331 820 es
340 772 497 830 vulneribus.
513 771 628 822 tribunos
640 774 750 823 militnm
761 774 788 824 in
803 775 860 824 vin-

86 846 144 895 cula
157 845 289 905 conjectos,
305 844 362 892 doin
379 844 528 900 verberatos,
545 844 729 906 servilibusque
743 845 859 896 omnibus

86 915 217 980 suppliciis
230 914 371 967 trucidatos.
386 914 518 963 cruciando
524 914 629 970 occidit5
644 920 756 964 mortuos
767 915 858 966 deinde

87 985 217 1050 prohibuit
229 984 339 1046 sepeliri.
353 983 400 1032 llas
414 984 460 1032 dea
473 997 559 1046 poenas
571 998 586 1033 e
599 985 685 1048 templi
699 986 739 1034 sui
745 986 862 1049 spoliato·
942 1032 945 1039 .

85 1056 303 1115 ribushnbetmec
309 1053 403 1103 desinet
411 1055 526 1104 omnibus
535 1069 577 1104 eos
586 1056 683 1117 agitare
688 1056 771 1114 iuriis,
779 1058 860 1119 prius-

86 1127 278 1192 qunmrepositu
288 1139 357 1175 secra
366 1124 502 1186 pecuniam
509 1126 634 1175 thesauris
648 1126 735 1175 luerit.
757 1126 861 1189 llnjnres

86 1196 211 1260 quondum
225 1195 314 1254 nostri,
327 1197 395 1258 gravi
406 1195 607 1244 Crotoniensium
620 1195 696 1254 bello,
711 1197 771 1259 quia
790 1188 861 1245 extra

85 1267 177 1317 urbem
185 1266 308 1328 templum
319 1271 364 1323 est,
376 1266 512 1314 transferre
523 1266 549 1313 in
560 1266 647 1314 urbem
663 1278 717 1314 enm
727 1267 861 1328 pecuniam

86 1338 220 1388 voluerunt
234 1350 240 1383 :
256 1343 329 1384 noctu
344 1335 428 1384 audite
441 1349 471 1384 ex
485 1335 587 1384 delubro
599 1349 645 1385 vox
658 1341 711 1385 est:
725 1351 737 1383 n
749 1335 863 1385 Abstine·

86 1414 146 1459 rent
154 1420 257 1465 manus;
277 1406 349 1456 deam
362 1419 408 1454 sne
417 1407 509 1468 templu
522 1406 714 1455 delensurem.»
729 1405 791 1462 Quia
805 1419 861 1454 mo-

85 1477 161 1527 vendi
167 1477 224 1526 inde
229 1478 359 1526 thesauros
364 1475 702 1538 religioincusseernt,muro
707 1474 863 1526 circumdare

86 1549 210 1611 templum
219 1549 365 1605 voluerunt3
375 1547 406 1595 ad
416 1546 573 1608 aliquantum
581 1545 633 1608 jam
644 1546 784 1596 altitudinis
795 1547 864 1596 exni-

86 1625 139 1669 tota
153 1625 224 1667 erant
237 1617 337 1674 moenia,
349 1631 427 1679 quum
435 1617 517 1666 subito
531 1618 638 1681 collapsa
650 1617 800 1667 ruinasunt.
815 1618 862 1667 Sed

86 1697 114 1740 et
121 1702 187 1737 nune
197 1696 223 1738 et
232 1701 297 1750 saepe
305 1689 365 1737 alios
374 1689 420 1737 dea
430 1701 499 1737 snum
509 1688 593 1737 sedem
602 1701 728 1750 suumque
740 1690 861 1750 tempium

87 1766 131 1811 aut
142 1765 222 1809 tutata
233 1766 279 1815 est,
293 1765 337 1808 aut
349 1774 363 1808 a
375 1759 536 1807 violatoribus
548 1758 632 1820 gravia
645 1758 744 1822 piacula
759 1760 858 1820 exegit:

88 1837 188 1880 nostras
197 1829 304 1890 injurias
311 1843 356 1877 neo
362 1835 449 1892 potest,
461 1842 506 1877 nee
517 1829 593 1890 possit
606 1829 670 1878 alius
678 1829 772 1888 ulcisci,
784 1843 861 1892 quam

87 1915 140 1958 vus,
155 1900 240 1949 Patres
251 1899 396 1963 conscripti.
416 1900 450 1948 lid
459 1913 501 1948 vos
509 1905 667 1962 vestramque
678 1899 752 1950 tidem
762 1899 861 1962 suppli·

87 1985 130 2022 ces
141 1970 299 2031 cunt'ngimus
310 1983 315 2017 ε
331 1969 394 2017 nibil
405 1977 488 2017 nostra
497 1969 603 2018 interest
614 1979 700 2019 utrum
709 1970 756 2020 sub
770 1969 814 2018 illo
827 1970 860 2017 le·

88 2050 155 2104 gnte,
170 2040 270 2089 subitio
279 2039 393 2099 praesidio
404 2040 490 2087 torros-
499 2053 551 2086 esse
564 2039 660 2097 sinatis,
673 2053 705 2088 nn
717 2040 781 2088 irato
796 2038 861 2087 llan-

88 2109 167 2161 nibali
179 2117 205 2159 et
219 2111 298 2159 Poenis
308 2110 339 2157 ad
352 2109 501 2169 supplicium
516 2109 618 2159 dedatis.
640 2111 693 2160 Non
706 2110 861 2172 postulamus

89 2186 119 2230 ut
128 2180 245 2244 extemplo
254 2179 334 2237 nobis,
352 2185 380 2226 ut
389 2179 421 2227 de
431 2179 537 2233 absente.
556 2189 583 2229 ut
603 2180 695 2230 indicto
713 2192 789 2228 causa
804 2193 861 2229 ore-

89 2251 171 2299 dutls:
184 2250 276 2305 veniet,
295 2263 378 2298 comm
393 2250 447 2311 ipso
463 2249 556 2306 audiat,
575 2250 628 2313 ipse
642 2250 728 2298 diluat.
750 2248 774 2299 Si
789 2248 862 2312 quid·

90 2336 165 2385 qnam
175 2321 285 2380 sceleris
303 2321 370 2382 quod
383 2321 457 2369 homo
475 2321 500 2369 in
515 2322 628 2370 homines
639 2321 713 2370 edere
725 2327 813 2384 potest,
834 2320 861 2371 in

90 2405 136 2442 nos
145 2392 316 2454 pretermisit,
331 2406 380 2439 non
393 2405 537 2440 recusamus
551 2393 611 2454 quin
626 2399 650 2441 et
664 2405 710 2440 nos
723 2393 807 2441 otnnia
820 2405 860 2441 ea·

89 2463 147 2514 dem
159 2464 261 2521 iterum,
274 2464 296 2512 si
307 2463 358 2525 peti
371 2477 511 2525 possumus
527 2463 659 2524 patiamur,
682 2469 707 2510 et
727 2462 770 2512 ille
792 2464 860 2512 omni

90 2534 174 2584 divino
186 2534 345 2596 humanoque
355 2533 478 2581 liberetur
492 2535 585 2582 scelere
597 2532 657 2597 (10).

93 2693 156 2737 blatii
169 2694 202 2737 dit
219 2693 370 2736 instrumenti
384 2694 423 2749 qni
438 2705 462 2735 se
489 2692 579 2736 Scelere
595 2693 648 2737 done
657 2693 678 2738 le
688 2706 739 2738 sens
748 2695 775 2740 de
789 2707 860 2749 poetm

92 2756 159 2799 lietu
168 2755 235 2799 verbe
251 2755 375 2811 posueritis.
390 2776 417 2786 -
426 2754 460 2798 1⁰.
489 2754 591 2799 sceleris.
