1904 3216
106 222 152 270 ltu
412 222 572 273 outututts

105 336 236 396 habuistis,
249 337 356 386 eundem
368 351 423 386 mon
433 337 459 385 in
468 338 614 387 aestimauda
626 339 727 386 fortuna
739 342 823 386 vestra
831 337 875 386 ha-

105 406 220 462 bueritis,
241 407 354 462 vicimus,
375 407 468 457 milites
490 422 596 470 :neque
618 407 687 456 enim
707 408 877 469 spectaculum

105 476 256 534 modoillud,
264 476 306 524 sed
318 477 431 537 quaedam
443 477 520 526 veluti
533 478 616 540 imago
627 481 716 537 vestrm
728 476 878 527 conditionis

105 553 167 596 erat.
177 548 210 595 Ac
218 547 303 596 neseio
313 560 345 595 an
354 547 450 608 majora
464 547 561 597 vincula
572 547 729 610 majoresque
739 547 878 596 necessita·

105 624 143 668 tes
159 617 237 675 vobis,
250 631 323 681 quam
340 617 443 679 captivis
456 618 553 676 vestris,
562 619 664 667 fortuna
674 617 876 667 circumdederit.

105 689 195 751 Dextra
207 689 317 750 laevaque
330 687 381 737 duo
391 687 470 736 maria
481 687 609 744 claudunt,
627 686 732 742 nullam,
751 700 784 735 ne
794 686 827 736 ad
836 687 878 736 el-

105 760 203 821 fugium
223 758 333 822 quidem,
353 771 441 808 novem
458 759 605 809 habentibus
624 757 672 823 ως
690 763 777 807 contra
796 757 878 808 Padus

106 829 187 879 amnis
199 829 288 891 (major
295 829 376 878 Padus
383 843 412 878 ac
422 828 697 888 violentiorRhodauol,
705 833 795 890 atergo
804 829 885 891 Alpes.

107 905 206 962 urgent,
223 899 264 948 vix
284 899 391 960 integris
407 899 477 948 vobis
493 913 524 948 ac
539 898 682 961 vigentibus
695 899 817 947 transitos.
833 899 878 949 llic

106 969 254 1018 vincendum
270 976 314 1018 aut
333 969 499 1028 moriendum,
515 970 618 1026 milites,
639 975 686 1026 est,
703 968 745 1017 ubi
766 968 878 1030 primum

106 1039 350 1096 hostioccurristim
367 1046 392 1089 et
407 1040 493 1090 eudem
509 1041 618 1097 fortuna,
634 1053 689 1102 quae
705 1037 878 1088 necessitatem

107 1110 234 1173 pugnandi
245 1110 373 1172 imposuit,
381 1112 482 1173 praemiu
490 1112 594 1161 vobisea
606 1110 740 1160 victoribus
752 1110 877 1172 proponit,

107 1181 198 1242 quibus
216 1181 337 1242 ampliora
348 1182 460 1230 homines
477 1195 508 1230 ne
521 1196 534 1228 a
547 1181 594 1229 diis
613 1179 714 1242 quidem
727 1177 879 1227 immortali-

107 1252 155 1301 bus
163 1260 249 1314 optare
260 1253 349 1301 solent.
360 1253 384 1301 Si
402 1252 510 1301 Siciliam
523 1257 621 1301 tantum
635 1265 664 1299 ao
676 1248 815 1298 Sardiniam
830 1263 878 1310 pa·

108 1322 219 1370 rentibus
229 1322 320 1370 nostris
330 1328 427 1383 ereptas
434 1329 516 1370 nostra
526 1321 619 1370 virtute
628 1319 801 1382 recuperaturi
810 1333 880 1369 esse-

108 1405 173 1446 mus,
184 1391 242 1439 satis
252 1397 333 1439 tamon
348 1391 430 1452 ampla
442 1390 523 1452 pretia
534 1397 624 1439 essent.
637 1387 763 1450 Quidquid
774 1389 878 1438 Romani

108 1466 145 1508 tot
153 1461 286 1522 triumphis
300 1466 398 1522 partum
414 1466 606 1521 congestumque
618 1459 755 1522 possident,
767 1457 792 1506 id
804 1471 879 1507 omne

108 1536 280 1579 vestrumcum
291 1530 352 1592 ipsis
362 1530 469 1579 dominis
477 1531 590 1579 futurum
600 1537 646 1580 est.
655 1530 683 1578 lu
691 1531 754 1578 bano
765 1535 817 1578 tam
828 1526 879 1591 opi·

109 1614 175 1648 mam
191 1602 337 1657 mercedem,
350 1600 426 1661 agite,
441 1614 498 1649 cum
516 1600 564 1649 dits
575 1600 639 1648 bene
651 1597 793 1659 juvantibus
807 1610 879 1646 arma

109 1669 197 1730 capite.
219 1669 282 1717 Satis
298 1668 380 1717 adhuc
400 1669 518 1718 iurastis
537 1668 666 1717 lusitaniae
687 1666 878 1730 Celtiberiaeque

109 1737 235 1786 montibus
245 1750 332 1798 pecora
342 1737 514 1790 consectando,
527 1738 625 1786 nullum
634 1737 830 1785 emolumentum
840 1741 879 1786 tot

109 1807 222 1855 laborum
233 1806 452 1868 periculorumque
462 1813 600 1856 vestrorum
608 1806 705 1856 vidistis
717 1812 830 1867 :tempus
840 1811 878 1855 est

109 1878 157 1939 iam
163 1879 277 1940 opulenta
290 1891 333 1926 ros
340 1891 369 1927 ac
377 1877 438 1925 ditia
447 1878 569 1940 stipendis
583 1878 672 1936 lacere,
685 1882 711 1926 et
718 1889 807 1938 magna
819 1889 878 1938 ope·

109 1963 144 1998 rae
156 1948 233 2010 pretia
238 1947 441 2004 meracissimum
453 1948 551 1997 itineris
560 1961 605 2010 per
614 1953 650 1996 tot
656 1953 752 1996 montes
763 1946 879 1995 llumina-

110 2033 166 2081 que,
175 2026 199 2068 et
209 2025 246 2067 tot
258 2024 365 2067 armatas
378 2025 463 2078 gentes
470 2032 591 2067 cnreusos.
603 2018 647 2066 llic
656 2017 727 2066 robis
740 2016 878 2066 terminum

110 2091 223 2138 laborum
231 2089 331 2139 fortuna
344 2088 428 2147 dedit;
440 2088 481 2138 bic
491 2089 591 2151 dignam
608 2089 748 2138 mercedem
764 2086 878 2136 emeritis

110 2157 240 2219 stipendiis
251 2157 328 2207 dabit.
398 2207 400 2211 ,

141 2229 188 2277 Nec
204 2241 279 2289 quam
294 2227 378 2288 magni
393 2226 501 2276 nominis
515 2226 609 2276 bellum
620 2231 667 2282 est,
684 2231 735 2275 tam
750 2224 879 2274 difficilem

110 2298 279 2346 existimaritis
290 2297 420 2347 victoriam
432 2299 486 2346 lore
501 2312 508 2345 ι
520 2311 585 2359 saepe
597 2303 623 2346 et
634 2300 788 2359 contemptus
799 2297 879 2345 hostis

110 2375 241 2418 cruentum
249 2375 374 2418 certamen
385 2369 473 2425 edidit,
484 2375 508 2417 et
514 2368 598 2430 inclyti
604 2368 816 2430 populiregesque
822 2381 879 2430 per·

109 2440 156 2489 levi
166 2445 289 2488 momento
300 2440 332 2503 (2)
341 2438 400 2488 victi
412 2446 478 2486 sunt.
487 2441 556 2495 bam,
564 2439 663 2500 dempto
671 2439 774 2488 hocuno
783 2439 880 2500 lulgore

109 2509 218 2558 nominis
226 2509 406 2570 Romani,quid
420 2515 508 2557 estcur
519 2507 557 2557 illi
569 2509 638 2557 vobis
646 2508 804 2571 comparandi
813 2509 879 2559 sint‘l

111 2580 140 2628 Ut
153 2578 242 2640 viginti
257 2593 382 2628 annorum
393 2579 510 2628 militiam
529 2585 635 2628 vestram
651 2593 708 2628 oum
721 2579 764 2628 illa
776 2581 877 2638 virtute,

110 2664 167 2698 cum
175 2649 217 2698 illa
227 2649 325 2698 lortuna
333 2655 436 2705 taceam,
447 2649 477 2697 ab
487 2649 598 2699 llerculis
608 2650 738 2707 columnis,
745 2651 776 2698 sb
783 2651 878 2700 Oceano

112 2721 273 2781 terminisque
288 2720 385 2770 ultimis
396 2726 532 2781 terrarum,
544 2734 591 2784 per
599 2727 636 2771 tot
647 2721 812 2771 ferocissimos
820 2720 879 2770 llis·

136 2878 194 2924 ltu.
221 2881 242 2923 1.
270 2877 425 2931 debentibus,
451 2889 483 2921 s.·
508 2902 535 2911 -
552 2879 574 2923 2.
598 2878 690 2924 Perlevs'
712 2880 824 2922 momento
843 2878 879 2933 (su

101 2947 146 2981 ene.
166 2941 242 2985 nobie,
263 2941 358 2995 contra,
377 2952 406 2985 eu
424 2939 480 2985 luce.
508 2940 736 2998 moturemoture
749 2937 878 2994 tres-ltqtre
