1904 3216
331 199 367 249 ΒΧ
382 199 449 249 olvit
468 199 553 250 llolto
570 199 619 250 tlt
827 200 859 250 85

88 316 208 380 colloquii
233 315 310 378 hujus
333 315 449 366 salutaris
476 315 600 379 interpres
622 316 711 366 fueris.
734 314 858 368 Postulnte

89 402 172 453 equa,
192 393 217 437 et
232 387 296 438 terte
316 385 359 452 (l).
373 387 516 449 Quanquam
529 387 567 437 vel
584 386 677 450 iniquis
692 388 808 437 nundum
822 392 858 436 est

89 460 172 523 potius
184 472 260 523 quam
271 457 357 521 impios
370 458 436 508 inter
450 471 496 509 nos
509 471 666 533 conseramus
681 471 778 509 manus.

447 635 505 686 txn

89 763 146 825 Gap.
163 761 205 812 lo.
224 760 312 814 Oratio
331 761 358 811 T.
381 758 493 819 Quinctii
511 757 584 808 ducis
603 757 789 818 seditioconon,
806 773 858 825 pue

275 846 316 881 eos
324 831 360 880 ad
372 829 532 880 concordiam
545 829 670 902 hortatur.
690 903 692 909 Ι

110 971 159 1010 fon
167 973 189 1008 l.
200 970 309 1016 Quinctius,
320 971 388 1018 plenus
396 969 529 1013 hermumi.
538 968 564 1006 ad
570 978 616 1007 tuos
625 977 696 1008 versus
705 967 769 1007 dium

113 1085 143 1130 ie
156 1085 211 1129 clrei
228 1091 262 1129 act
272 1096 329 1140 pour
346 1083 367 1126 la
381 1084 438 1140 prix.
459 1083 513 1127 C'cat
529 1084 579 1127 laur
589 1083 673 1134 consul,
692 1083 742 1126 leur
756 1082 853 1139 general,

89 1147 177 1201 penem
201 1146 300 1202 toujours
318 1145 440 1200 indulgent,
460 1145 500 1200 qui
522 1145 572 1188 leur
592 1157 605 1188 ι
623 1143 809 1200 pnrl631csenat
829 1146 857 1188 l'a

89 1209 182 1314 3:1⁰5th
176 1221 245 1314 m
251 1220 296 1265 quc
309 1220 334 1252 ce
348 1206 410 1251 sinat
422 1207 506 1252 reutlr
519 1207 576 1264 pair.
590 1205 657 1256 Qu'ils
667 1206 856 1250 s'chandonucuti

117 1388 154 1436 lle
171 1401 279 1449 quoque,
295 1385 396 1440 milites,
413 1384 507 1448 siquis
522 1398 583 1434 usus
600 1384 648 1432 mei
664 1390 710 1440 est,
727 1385 865 1435 meliorem.

87 1458 154 1520 pacis
168 1470 245 1521 quam
258 1457 318 1506 beli
342 1456 439 1505 hahetis
454 1457 551 1504 ducem.
570 1455 623 1504 llon
642 1457 709 1504 enim
725 1456 768 1504 illa
784 1457 866 1504 modo.

88 1529 187 1578 Volscus
207 1534 250 1577 aut
269 1527 374 1582 Samnis,
396 1527 438 1575 sed
464 1526 588 1575 Romanus
605 1526 680 1575 rerba
699 1526 866 1583 renitenter-

87 1599 183 1656 oonsul‚
207 1604 287 1648 vester
304 1597 447 1661 imperator,
467 1597 576 1645 militcst
591 1596 662 1658 cujus
683 1595 790 1658 auspicia
812 1609 865 1658 pro.

87 1669 155 1718 rotis
179 1667 285 1730 experti,
304 1667 380 1716 nolite
395 1666 513 1715 adversus
535 1677 578 1714 vos
593 1666 655 1714 velle
670 1667 786 1728 experiri.
810 1666 860 1721 Qut

87 1745 230 1804 pugnarent
238 1738 364 1788 vobiscum
379 1737 502 1797 infestius,
513 1741 538 1785 et
547 1735 609 1784 alios
620 1736 694 1786 duces
703 1743 802 1786 senatus
813 1737 858 1785 ha·

85 1811 152 1868 buit3
173 1809 218 1872 qui
233 1807 340 1857 maxime
361 1807 440 1867 vobis,
458 1805 510 1856 suis
526 1805 654 1862 militibus,
675 1814 796 1869 parceret,
815 1808 854 1855 cui

86 1881 223 1943 plurimum
236 1892 287 1935 tos,
299 1877 443 1940 imperatori
451 1883 542 1930 vestro.
551 1877 690 1932 crederetis,
704 1891 760 1925 eum
770 1878 854 1938 elegit.

87 1950 184 2006 Pacem,
209 1948 286 1998 etiam
311 1947 354 2009 qui
369 1948 468 1996 vincere
487 1951 599 2007 possunt,
618 1947 711 1995 volunt.
728 1948 789 1999 tluid
811 1960 855 1995 nos

87 2021 149 2070 selle
161 2018 278 2083 oportet?
297 2017 369 2073 Quin,
384 2016 484 2066 omissis
501 2016 539 2064 ira
551 2022 576 2065 et
587 2031 639 2078 spe,
654 2017 781 2066 fallacibus
793 2032 854 2066 auc-

85 2091 191 2148 toribus,
201 2102 247 2138 nos
260 2088 326 2150 ipsos
338 2093 471 2149 nostraque
482 2086 565 2136 omnia
573 2088 676 2148 cognitu
688 2086 853 2150 permittimus

86 2160 159 2211 fidei?

86 2290 162 2331 satra
183 2287 264 2342 parte.
281 2306 310 2317 -
330 2282 351 2326 l.
382 2283 456 2334 Ferte,
486 2282 529 2324 l'cn
552 2283 641 2325 discit:
661 2299 672 2321 ι
691 2281 851 2332 domandar,ct

86 2359 169 2392 comme
177 2350 279 2395 souvent,
285 2356 342 2400 pour
352 2344 457 2397 Μαίονές
469 2371 472 2384 .
486 2356 564 2398 preuer
575 2360 593 2394 ι,
612 2357 641 2386 au
657 2343 703 2385 lieu
712 2344 754 2386 dc:
766 2343 857 2386 demon-

86 2415 191 2453 tournurc
202 2408 251 2450 vivo
260 2418 331 2462 pour:
341 2405 459 2461 postulate
487 2407 533 2454 dez.
543 2414 565 2449 et
573 2418 626 2448 rcus
636 2406 725 2448 l'curer.
735 2406 803 2448 Stare
812 2403 859 2448 cli-

85 2483 157 2527 apua,
172 2473 197 2513 et
210 2468 317 2526 sactis,
339 2480 423 2511 comme
439 2469 458 2510 si
487 2480 537 2522 quc,
548 2465 686 2510 consentiri.
