<?xml version="1.0" encoding="UTF-8"?>
<!DOCTYPE html PUBLIC "-//W3C//DTD XHTML 1.0 Transitional//EN"
    "http://www.w3.org/TR/xhtml1/DTD/xhtml1-transitional.dtd">
<html xmlns="http://www.w3.org/1999/xhtml" xml:lang="en" lang="en">
 <head>
  <title>
</title>
<meta http-equiv="Content-Type" content="text/html;charset=utf-8" />
  <meta name='ocr-system' content='tesseract 3.04.00' />
  <meta name='ocr-capabilities' content='ocr_page ocr_carea ocr_par ocr_line ocrx_word'/>
</head>
<body>
  <div class='ocr_page' id='page_1' title='image "./concionessiveor00unkngoog_0043.png"; bbox 0 0 1906 3690; ppageno 0'>
   <div class='ocr_carea' id='block_1_1' title="bbox 170 146 636 218">
    <p class='ocr_par' dir='ltr' id='par_1_1' title="bbox 170 146 636 218">
     <span class='ocr_line' id='line_1_1' title="bbox 170 146 636 218; baseline -0.011 0"><span class='ocrx_word' id='word_1_1' title='bbox 170 171 201 218; x_wconf 78' lang='lat' dir='ltr'><strong>aa</strong></span> <span class='ocrx_word' id='word_1_2' title='bbox 422 146 424 149; x_wconf 76' lang='grc'><strong>’</strong></span> <span class='ocrx_word' id='word_1_3' title='bbox 474 165 636 217; x_wconf 82' lang='lat' dir='ltr'><strong>onuionns</strong></span> 
     </span>
    </p>
   </div>
   <div class='ocr_carea' id='block_1_2' title="bbox 165 283 944 464">
    <p class='ocr_par' dir='ltr' id='par_1_2' title="bbox 165 283 944 464">
     <span class='ocr_line' id='line_1_2' title="bbox 197 283 944 340; baseline 0.001 -13"><span class='ocrx_word' id='word_1_4' title='bbox 197 285 231 328; x_wconf 82' lang='lat' dir='ltr'><strong>lv.</strong></span> <span class='ocrx_word' id='word_1_5' title='bbox 242 286 270 328; x_wconf 90' lang='lat' dir='ltr'><strong>lls</strong></span> <span class='ocrx_word' id='word_1_6' title='bbox 285 292 415 340; x_wconf 85' lang='lat' dir='ltr'><strong>repoussent</strong></span> <span class='ocrx_word' id='word_1_7' title='bbox 429 298 512 328; x_wconf 84' lang='lat' dir='ltr'><strong>comme</strong></span> <span class='ocrx_word' id='word_1_8' title='bbox 522 296 566 326; x_wconf 91' lang='lat' dir='ltr'><strong>une</strong></span> <span class='ocrx_word' id='word_1_9' title='bbox 576 283 684 326; x_wconf 88' lang='lat' dir='ltr'><strong>souillure</strong></span> <span class='ocrx_word' id='word_1_10' title='bbox 693 283 715 327; x_wconf 82' lang='lat' dir='ltr'><strong>lo</strong></span> <span class='ocrx_word' id='word_1_11' title='bbox 725 284 825 339; x_wconf 79' lang='lat' dir='ltr'><strong>mariage</strong></span> <span class='ocrx_word' id='word_1_12' title='bbox 839 290 903 328; x_wconf 80' lang='lat' dir='ltr'><strong>entre</strong></span> <span class='ocrx_word' id='word_1_13' title='bbox 911 283 944 328; x_wconf 78' lang='lat' dir='ltr'><strong>les</strong></span> 
     </span>
     <span class='ocr_line' id='line_1_3' title="bbox 170 345 944 401; baseline 0 -10"><span class='ocrx_word' id='word_1_14' title='bbox 170 348 227 391; x_wconf 81' lang='lat' dir='ltr'><strong>deux</strong></span> <span class='ocrx_word' id='word_1_15' title='bbox 236 349 323 391; x_wconf 88' lang='lat' dir='ltr'><strong>ordres:</strong></span> <span class='ocrx_word' id='word_1_16' title='bbox 335 348 387 389; x_wconf 84' lang='lat' dir='ltr'><strong>c&#39;est</strong></span> <span class='ocrx_word' id='word_1_17' title='bbox 396 360 440 389; x_wconf 87' lang='lat' dir='ltr'><strong>une</strong></span> <span class='ocrx_word' id='word_1_18' title='bbox 450 347 543 397; x_wconf 87' lang='lat' dir='ltr'><strong>insulte;</strong></span> <span class='ocrx_word' id='word_1_19' title='bbox 554 353 576 388; x_wconf 87' lang='lat' dir='ltr'><strong>ct</strong></span> <span class='ocrx_word' id='word_1_20' title='bbox 585 345 698 389; x_wconf 86' lang='lat' dir='ltr'><strong>d&#39;ailleurs</strong></span> <span class='ocrx_word' id='word_1_21' title='bbox 708 347 807 401; x_wconf 84' lang='lat' dir='ltr'><strong>imposer</strong></span> <span class='ocrx_word' id='word_1_22' title='bbox 816 346 856 390; x_wconf 80' lang='lat' dir='ltr'><strong>des</strong></span> <span class='ocrx_word' id='word_1_23' title='bbox 864 346 907 391; x_wconf 81' lang='lat' dir='ltr'><strong>loia</strong></span> <span class='ocrx_word' id='word_1_24' title='bbox 916 359 944 390; x_wconf 83' lang='lat' dir='ltr'><strong>au</strong></span> 
     </span>
     <span class='ocr_line' id='line_1_4' title="bbox 165 408 641 464; baseline -0.002 -11"><span class='ocrx_word' id='word_1_25' title='bbox 165 409 222 454; x_wconf 86' lang='lat' dir='ltr'><strong>libro</strong></span> <span class='ocrx_word' id='word_1_26' title='bbox 231 410 296 452; x_wconf 81' lang='lat' dir='ltr'>choix</span> <span class='ocrx_word' id='word_1_27' title='bbox 305 410 344 452; x_wconf 90' lang='lat' dir='ltr'><strong>des</strong></span> <span class='ocrx_word' id='word_1_28' title='bbox 354 408 424 464; x_wconf 71' lang='lat' dir='ltr'><strong>bpoux</strong></span> <span class='ocrx_word' id='word_1_29' title='bbox 434 415 469 451; x_wconf 82' lang='lat' dir='ltr'><strong>est</strong></span> <span class='ocrx_word' id='word_1_30' title='bbox 479 421 522 451; x_wconf 89' lang='lat' dir='ltr'><strong>une</strong></span> <span class='ocrx_word' id='word_1_31' title='bbox 532 408 641 464; x_wconf 74' lang='lat' dir='ltr'><strong>tyrannio.</strong></span> 
     </span>
    </p>
   </div>
   <div class='ocr_carea' id='block_1_3' title="bbox 166 550 943 2799">
    <p class='ocr_par' dir='ltr' id='par_1_3' title="bbox 166 550 943 1102">
     <span class='ocr_line' id='line_1_5' title="bbox 199 550 941 616; baseline 0 -13"><span class='ocrx_word' id='word_1_32' title='bbox 199 554 224 603; x_wconf 80' lang='lat' dir='ltr'><strong>l.</strong></span> <span class='ocrx_word' id='word_1_33' title='bbox 240 553 288 601; x_wconf 87' lang='lat' dir='ltr'><strong>Hoc</strong></span> <span class='ocrx_word' id='word_1_34' title='bbox 295 551 385 612; x_wconf 87' lang='lat' dir='ltr'><strong>ipsum,</strong></span> <span class='ocrx_word' id='word_1_35' title='bbox 395 563 425 597; x_wconf 90' lang='lat' dir='ltr'><strong>ne</strong></span> <span class='ocrx_word' id='word_1_36' title='bbox 433 550 586 598; x_wconf 89' lang='lat' dir='ltr'><strong>connubium</strong></span> <span class='ocrx_word' id='word_1_37' title='bbox 596 550 710 599; x_wconf 86' lang='lat' dir='ltr'><strong>Patribus</strong></span> <span class='ocrx_word' id='word_1_38' title='bbox 719 564 779 600; x_wconf 91' lang='lat' dir='ltr'><strong>cum</strong></span> <span class='ocrx_word' id='word_1_39' title='bbox 785 552 860 615; x_wconf 80' lang='lat' dir='ltr'>plebe</span> <span class='ocrx_word' id='word_1_40' title='bbox 870 559 941 616; x_wconf 64' lang='lat' dir='ltr'><strong>meet,</strong></span> 
     </span>
     <span class='ocr_line' id='line_1_6' title="bbox 170 619 942 682; baseline -0.003 -8"><span class='ocrx_word' id='word_1_41' title='bbox 170 638 220 674; x_wconf 93' lang='lat' dir='ltr'><strong>non</strong></span> <span class='ocrx_word' id='word_1_42' title='bbox 233 619 367 672; x_wconf 83' lang='lat' dir='ltr'><strong>decemviri</strong></span> <span class='ocrx_word' id='word_1_43' title='bbox 382 621 496 667; x_wconf 84' lang='lat' dir='ltr'><strong>tulerunt</strong></span> <span class='ocrx_word' id='word_1_44' title='bbox 509 620 594 680; x_wconf 79' lang='lat' dir='ltr'>paucis</span> <span class='ocrx_word' id='word_1_45' title='bbox 605 620 645 668; x_wconf 90' lang='lat' dir='ltr'><strong>his</strong></span> <span class='ocrx_word' id='word_1_46' title='bbox 655 619 734 676; x_wconf 88' lang='lat' dir='ltr'><strong>annis,</strong></span> <span class='ocrx_word' id='word_1_47' title='bbox 743 620 855 682; x_wconf 89' lang='lat' dir='ltr'><strong>pessimo</strong></span> <span class='ocrx_word' id='word_1_48' title='bbox 863 635 942 672; x_wconf 84' lang='lat' dir='ltr'><strong>exem·</strong></span> 
     </span>
     <span class='ocr_line' id='line_1_7' title="bbox 169 688 943 758; baseline 0 -16"><span class='ocrx_word' id='word_1_49' title='bbox 169 695 212 758; x_wconf 94' lang='lat' dir='ltr'><strong>plo</strong></span> <span class='ocrx_word' id='word_1_50' title='bbox 223 691 331 753; x_wconf 91' lang='lat' dir='ltr'><strong>publico,</strong></span> <span class='ocrx_word' id='word_1_51' title='bbox 345 703 401 738; x_wconf 91' lang='lat' dir='ltr'><strong>cnm</strong></span> <span class='ocrx_word' id='word_1_52' title='bbox 413 703 509 737; x_wconf 90' lang='lat' dir='ltr'><strong>summa</strong></span> <span class='ocrx_word' id='word_1_53' title='bbox 516 689 607 750; x_wconf 86' lang='lat' dir='ltr'><strong>injuria</strong></span> <span class='ocrx_word' id='word_1_54' title='bbox 612 688 708 750; x_wconf 86' lang='lat' dir='ltr'><strong>plebisl</strong></span> <span class='ocrx_word' id='word_1_55' title='bbox 719 692 817 740; x_wconf 76' lang='lat' dir='ltr'><strong>lnesse</strong></span> <span class='ocrx_word' id='word_1_56' title='bbox 828 690 882 740; x_wconf 82' lang='lat' dir='ltr'><strong>ulla</strong></span> <span class='ocrx_word' id='word_1_57' title='bbox 890 705 943 743; x_wconf 82' lang='lat' dir='ltr'><strong>ma·</strong></span> 
     </span>
     <span class='ocr_line' id='line_1_8' title="bbox 166 759 943 828; baseline 0 -15"><span class='ocrx_word' id='word_1_58' title='bbox 166 764 208 828; x_wconf 84' lang='lat' dir='ltr'><strong>jor</strong></span> <span class='ocrx_word' id='word_1_59' title='bbox 221 768 266 811; x_wconf 89' lang='lat' dir='ltr'><strong>aut</strong></span> <span class='ocrx_word' id='word_1_60' title='bbox 278 759 421 820; x_wconf 74' lang='lat' dir='ltr'><strong>insignitior</strong></span> <span class='ocrx_word' id='word_1_61' title='bbox 434 760 582 807; x_wconf 85' lang='lat' dir='ltr'><strong>contumelia</strong></span> <span class='ocrx_word' id='word_1_62' title='bbox 591 765 676 820; x_wconf 83' lang='lat' dir='ltr'><strong>potest,</strong></span> <span class='ocrx_word' id='word_1_63' title='bbox 684 773 759 822; x_wconf 88' lang='lat' dir='ltr'><strong>quam</strong></span> <span class='ocrx_word' id='word_1_64' title='bbox 772 768 874 823; x_wconf 87' lang='lat' dir='ltr'><strong>partem</strong></span> <span class='ocrx_word' id='word_1_65' title='bbox 885 763 943 813; x_wconf 78' lang='lat' dir='ltr'><strong>civi·</strong></span> 
     </span>
     <span class='ocr_line' id='line_1_9' title="bbox 168 829 942 890; baseline -0.003 -5"><span class='ocrx_word' id='word_1_66' title='bbox 168 834 229 885; x_wconf 84' lang='lat' dir='ltr'><strong>tatis</strong></span> <span class='ocrx_word' id='word_1_67' title='bbox 243 834 311 881; x_wconf 85' lang='lat' dir='ltr'><strong>velut</strong></span> <span class='ocrx_word' id='word_1_68' title='bbox 328 830 527 886; x_wconf 78' lang='lat' dir='ltr'><strong>contaminatam,</strong></span> <span class='ocrx_word' id='word_1_69' title='bbox 545 829 677 890; x_wconf 81' lang='lat' dir='ltr'><strong>indignam</strong></span> <span class='ocrx_word' id='word_1_70' title='bbox 697 831 822 880; x_wconf 90' lang='lat' dir='ltr'><strong>connubio</strong></span> <span class='ocrx_word' id='word_1_71' title='bbox 838 832 942 883; x_wconf 84' lang='lat' dir='ltr'><strong>haberit</strong></span> 
     </span>
     <span class='ocr_line' id='line_1_10' title="bbox 170 899 942 965; baseline -0.003 -12"><span class='ocrx_word' id='word_1_72' title='bbox 170 903 235 962; x_wconf 81' lang='lat' dir='ltr'><strong>Quid</strong></span> <span class='ocrx_word' id='word_1_73' title='bbox 248 907 285 951; x_wconf 85' lang='lat' dir='ltr'><strong>est</strong></span> <span class='ocrx_word' id='word_1_74' title='bbox 297 901 364 950; x_wconf 88' lang='lat' dir='ltr'><strong>aliud</strong></span> <span class='ocrx_word' id='word_1_75' title='bbox 378 914 453 963; x_wconf 88' lang='lat' dir='ltr'><strong>quam</strong></span> <span class='ocrx_word' id='word_1_76' title='bbox 466 899 570 948; x_wconf 80' lang='lat' dir='ltr'><strong>exilium</strong></span> <span class='ocrx_word' id='word_1_77' title='bbox 580 899 645 949; x_wconf 87' lang='lat' dir='ltr'><strong>intra</strong></span> <span class='ocrx_word' id='word_1_78' title='bbox 655 900 742 949; x_wconf 87' lang='lat' dir='ltr'><strong>eadem</strong></span> <span class='ocrx_word' id='word_1_79' title='bbox 752 902 854 963; x_wconf 83' lang='lat' dir='ltr'><strong>moenia,</strong></span> <span class='ocrx_word' id='word_1_80' title='bbox 867 915 942 965; x_wconf 84' lang='lat' dir='ltr'><strong>quam</strong></span> 
     </span>
     <span class='ocr_line' id='line_1_11' title="bbox 169 971 942 1036; baseline 0.001 -11"><span class='ocrx_word' id='word_1_81' title='bbox 169 973 349 1036; x_wconf 73' lang='lat' dir='ltr'><strong>relegationem</strong></span> <span class='ocrx_word' id='word_1_82' title='bbox 365 971 435 1034; x_wconf 77' lang='lat' dir='ltr'><strong>pati?</strong></span> <span class='ocrx_word' id='word_1_83' title='bbox 450 971 484 1018; x_wconf 87' lang='lat' dir='ltr'><strong>lle</strong></span> <span class='ocrx_word' id='word_1_84' title='bbox 493 971 663 1029; x_wconf 79' lang='lat' dir='ltr'><strong>affinitatibus,</strong></span> <span class='ocrx_word' id='word_1_85' title='bbox 673 985 705 1019; x_wconf 90' lang='lat' dir='ltr'><strong>ne</strong></span> <span class='ocrx_word' id='word_1_86' title='bbox 712 974 942 1036; x_wconf 85' lang='lat' dir='ltr'><strong>propinquitatibus</strong></span> 
     </span>
     <span class='ocr_line' id='line_1_12' title="bbox 169 1041 768 1102; baseline -0.012 -7"><span class='ocrx_word' id='word_1_87' title='bbox 169 1045 365 1100; x_wconf 81' lang='lat' dir='ltr'><strong>immisceamur,</strong></span> <span class='ocrx_word' id='word_1_88' title='bbox 380 1048 477 1097; x_wconf 84' lang='lat' dir='ltr'><strong>carent;</strong></span> <span class='ocrx_word' id='word_1_89' title='bbox 493 1054 524 1088; x_wconf 88' lang='lat' dir='ltr'><strong>ne</strong></span> <span class='ocrx_word' id='word_1_90' title='bbox 537 1041 645 1089; x_wconf 85' lang='lat' dir='ltr'><strong>societur</strong></span> <span class='ocrx_word' id='word_1_91' title='bbox 657 1041 768 1102; x_wconf 83' lang='lat' dir='ltr'><strong>sanguis.</strong></span> 
     </span>
    </p>

    <p class='ocr_par' dir='ltr' id='par_1_4' title="bbox 167 1112 943 2799">
     <span class='ocr_line' id='line_1_13' title="bbox 202 1112 942 1179; baseline -0.003 -15"><span class='ocrx_word' id='word_1_92' title='bbox 202 1115 283 1173; x_wconf 79' lang='lat' dir='ltr'><strong>Quint</strong></span> <span class='ocrx_word' id='word_1_93' title='bbox 300 1116 347 1162; x_wconf 88' lang='lat' dir='ltr'><strong>boc</strong></span> <span class='ocrx_word' id='word_1_94' title='bbox 358 1112 378 1160; x_wconf 90' lang='lat' dir='ltr'><strong>si</strong></span> <span class='ocrx_word' id='word_1_95' title='bbox 394 1112 479 1174; x_wconf 87' lang='lat' dir='ltr'><strong>polluit</strong></span> <span class='ocrx_word' id='word_1_96' title='bbox 488 1112 640 1160; x_wconf 89' lang='lat' dir='ltr'><strong>nobilitatem</strong></span> <span class='ocrx_word' id='word_1_97' title='bbox 653 1112 727 1160; x_wconf 90' lang='lat' dir='ltr'><strong>istam</strong></span> <span class='ocrx_word' id='word_1_98' title='bbox 733 1119 853 1172; x_wconf 84' lang='lat' dir='ltr'><strong>vestram,</strong></span> <span class='ocrx_word' id='word_1_99' title='bbox 867 1129 942 1179; x_wconf 85' lang='lat' dir='ltr'><strong>quam</strong></span> 
     </span>
     <span class='ocr_line' id='line_1_14' title="bbox 169 1182 942 1250; baseline 0.003 -14"><span class='ocrx_word' id='word_1_100' title='bbox 169 1189 283 1250; x_wconf 81' lang='lat' dir='ltr'><strong>plerique</strong></span> <span class='ocrx_word' id='word_1_101' title='bbox 305 1183 406 1234; x_wconf 80' lang='lat' dir='ltr'><strong>oriundi</strong></span> <span class='ocrx_word' id='word_1_102' title='bbox 423 1197 453 1231; x_wconf 88' lang='lat' dir='ltr'><strong>ex</strong></span> <span class='ocrx_word' id='word_1_103' title='bbox 468 1182 566 1231; x_wconf 76' lang='lat' dir='ltr'><strong>Albanis</strong></span> <span class='ocrx_word' id='word_1_104' title='bbox 576 1189 601 1232; x_wconf 91' lang='lat' dir='ltr'><strong>et</strong></span> <span class='ocrx_word' id='word_1_105' title='bbox 612 1182 716 1235; x_wconf 86' lang='lat' dir='ltr'><strong>Sabinis,</strong></span> <span class='ocrx_word' id='word_1_106' title='bbox 731 1195 780 1231; x_wconf 90' lang='lat' dir='ltr'><strong>non</strong></span> <span class='ocrx_word' id='word_1_107' title='bbox 792 1197 942 1246; x_wconf 72' lang='lat' dir='ltr'><strong>generense</strong></span> 
     </span>
     <span class='ocr_line' id='line_1_15' title="bbox 169 1253 943 1319; baseline 0 -13"><span class='ocrx_word' id='word_1_108' title='bbox 169 1259 301 1319; x_wconf 81' lang='lat' dir='ltr'><strong>sanguine,</strong></span> <span class='ocrx_word' id='word_1_109' title='bbox 318 1256 361 1304; x_wconf 88' lang='lat' dir='ltr'><strong>sed</strong></span> <span class='ocrx_word' id='word_1_110' title='bbox 374 1268 419 1317; x_wconf 86' lang='lat' dir='ltr'><strong>per</strong></span> <span class='ocrx_word' id='word_1_111' title='bbox 435 1253 614 1315; x_wconf 87' lang='lat' dir='ltr'><strong>cooptationem</strong></span> <span class='ocrx_word' id='word_1_112' title='bbox 629 1253 655 1300; x_wconf 90' lang='lat' dir='ltr'><strong>in</strong></span> <span class='ocrx_word' id='word_1_113' title='bbox 679 1253 765 1302; x_wconf 86' lang='lat' dir='ltr'><strong>Patres</strong></span> <span class='ocrx_word' id='word_1_114' title='bbox 779 1254 887 1316; x_wconf 83' lang='lat' dir='ltr'><strong>hahetis,</strong></span> <span class='ocrx_word' id='word_1_115' title='bbox 900 1263 943 1308; x_wconf 83' lang='lat' dir='ltr'><strong>aut</strong></span> 
     </span>
     <span class='ocr_line' id='line_1_16' title="bbox 169 1323 942 1389; baseline 0.003 -12"><span class='ocrx_word' id='word_1_116' title='bbox 169 1330 200 1377; x_wconf 86' lang='lat' dir='ltr'><strong>ab</strong></span> <span class='ocrx_word' id='word_1_117' title='bbox 208 1328 309 1389; x_wconf 84' lang='lat' dir='ltr'><strong>regibus</strong></span> <span class='ocrx_word' id='word_1_118' title='bbox 321 1326 386 1383; x_wconf 91' lang='lat' dir='ltr'><strong>lecti,</strong></span> <span class='ocrx_word' id='word_1_119' title='bbox 395 1332 437 1374; x_wconf 86' lang='lat' dir='ltr'><strong>aut</strong></span> <span class='ocrx_word' id='word_1_120' title='bbox 444 1333 498 1387; x_wconf 90' lang='lat' dir='ltr'><strong>post</strong></span> <span class='ocrx_word' id='word_1_121' title='bbox 503 1338 574 1384; x_wconf 85' lang='lat' dir='ltr'><strong>reges</strong></span> <span class='ocrx_word' id='word_1_122' title='bbox 581 1330 677 1372; x_wconf 81' lang='lat' dir='ltr'><strong>exactos</strong></span> <span class='ocrx_word' id='word_1_123' title='bbox 681 1323 751 1385; x_wconf 89' lang='lat' dir='ltr'><strong>jussu</strong></span> <span class='ocrx_word' id='word_1_124' title='bbox 759 1327 856 1386; x_wconf 88' lang='lat' dir='ltr'><strong>populi,</strong></span> <span class='ocrx_word' id='word_1_125' title='bbox 867 1329 942 1379; x_wconf 88' lang='lat' dir='ltr'><strong>since·</strong></span> 
     </span>
     <span class='ocr_line' id='line_1_17' title="bbox 169 1395 942 1457; baseline -0.003 -9"><span class='ocrx_word' id='word_1_126' title='bbox 169 1413 223 1448; x_wconf 83' lang='lat' dir='ltr'><strong>ram</strong></span> <span class='ocrx_word' id='word_1_127' title='bbox 233 1410 333 1445; x_wconf 87' lang='lat' dir='ltr'><strong>servare</strong></span> <span class='ocrx_word' id='word_1_128' title='bbox 344 1396 446 1457; x_wconf 86' lang='lat' dir='ltr'><strong>privatis</strong></span> <span class='ocrx_word' id='word_1_129' title='bbox 455 1395 565 1444; x_wconf 86' lang='lat' dir='ltr'><strong>consiliis</strong></span> <span class='ocrx_word' id='word_1_130' title='bbox 572 1408 620 1443; x_wconf 90' lang='lat' dir='ltr'><strong>non</strong></span> <span class='ocrx_word' id='word_1_131' title='bbox 632 1395 755 1454; x_wconf 73' lang='lat' dir='ltr'><strong>poteratis,</strong></span> <span class='ocrx_word' id='word_1_132' title='bbox 770 1409 817 1445; x_wconf 90' lang='lat' dir='ltr'><strong>nec</strong></span> <span class='ocrx_word' id='word_1_133' title='bbox 827 1397 942 1450; x_wconf 87' lang='lat' dir='ltr'><strong>ducendo</strong></span> 
     </span>
     <span class='ocr_line' id='line_1_18' title="bbox 168 1465 941 1530; baseline 0.003 -11"><span class='ocrx_word' id='word_1_134' title='bbox 168 1483 200 1519; x_wconf 86' lang='lat' dir='ltr'><strong>ex</strong></span> <span class='ocrx_word' id='word_1_135' title='bbox 215 1469 294 1530; x_wconf 80' lang='lat' dir='ltr'><strong>plebe,</strong></span> <span class='ocrx_word' id='word_1_136' title='bbox 308 1473 487 1528; x_wconf 84' lang='lat' dir='ltr'><strong>nequevestras</strong></span> <span class='ocrx_word' id='word_1_137' title='bbox 497 1465 559 1514; x_wconf 87' lang='lat' dir='ltr'><strong>filias</strong></span> <span class='ocrx_word' id='word_1_138' title='bbox 566 1478 709 1525; x_wconf 81' lang='lat' dir='ltr'><strong>sororesque</strong></span> <span class='ocrx_word' id='word_1_139' title='bbox 720 1466 830 1516; x_wconf 86' lang='lat' dir='ltr'><strong>enubere</strong></span> <span class='ocrx_word' id='word_1_140' title='bbox 837 1468 941 1521; x_wconf 84' lang='lat' dir='ltr'><strong>sinendo</strong></span> 
     </span>
     <span class='ocr_line' id='line_1_19' title="bbox 168 1532 939 1601; baseline -0.001 -12"><span class='ocrx_word' id='word_1_141' title='bbox 168 1554 184 1590; x_wconf 88' lang='lat' dir='ltr'><strong>e</strong></span> <span class='ocrx_word' id='word_1_142' title='bbox 194 1539 309 1587; x_wconf 87' lang='lat' dir='ltr'><strong>Patribus</strong></span> <span class='ocrx_word' id='word_1_143' title='bbox 317 1538 327 1584; x_wconf 79' lang='grc'><strong>1</strong></span> <span class='ocrx_word' id='word_1_144' title='bbox 336 1537 411 1585; x_wconf 85' lang='lat' dir='ltr'><strong>Nemo</strong></span> <span class='ocrx_word' id='word_1_145' title='bbox 418 1535 531 1597; x_wconf 84' lang='lat' dir='ltr'><strong>plebeius</strong></span> <span class='ocrx_word' id='word_1_146' title='bbox 539 1534 649 1597; x_wconf 82' lang='lat' dir='ltr'><strong>patriciae</strong></span> <span class='ocrx_word' id='word_1_147' title='bbox 661 1532 752 1594; x_wconf 73' lang='lat' dir='ltr'><strong>virgini</strong></span> <span class='ocrx_word' id='word_1_148' title='bbox 760 1535 812 1583; x_wconf 82' lang='lat' dir='ltr'><strong>rim</strong></span> <span class='ocrx_word' id='word_1_149' title='bbox 820 1539 939 1601; x_wconf 60' lang='lat' dir='ltr'><strong>afferrem</strong></span> 
     </span>
     <span class='ocr_line' id='line_1_20' title="bbox 169 1603 942 1673; baseline 0.004 -15"><span class='ocrx_word' id='word_1_150' title='bbox 169 1608 334 1673; x_wconf 85' lang='lat' dir='ltr'><strong>patriciorum</strong></span> <span class='ocrx_word' id='word_1_151' title='bbox 342 1607 390 1656; x_wconf 80' lang='lat' dir='ltr'><strong>ista</strong></span> <span class='ocrx_word' id='word_1_152' title='bbox 398 1605 475 1654; x_wconf 92' lang='lat' dir='ltr'><strong>libido</strong></span> <span class='ocrx_word' id='word_1_153' title='bbox 485 1612 535 1654; x_wconf 88' lang='lat' dir='ltr'><strong>est:</strong></span> <span class='ocrx_word' id='word_1_154' title='bbox 548 1617 621 1652; x_wconf 89' lang='lat' dir='ltr'><strong>nemo</strong></span> <span class='ocrx_word' id='word_1_155' title='bbox 627 1603 734 1652; x_wconf 80' lang='lat' dir='ltr'><strong>invitum</strong></span> <span class='ocrx_word' id='word_1_156' title='bbox 742 1606 885 1667; x_wconf 84' lang='lat' dir='ltr'><strong>pactionem</strong></span> <span class='ocrx_word' id='word_1_157' title='bbox 893 1626 942 1661; x_wconf 88' lang='lat' dir='ltr'><strong>nn·</strong></span> 
     </span>
     <span class='ocr_line' id='line_1_21' title="bbox 169 1674 941 1745; baseline 0.005 -16"><span class='ocrx_word' id='word_1_158' title='bbox 169 1680 269 1744; x_wconf 85' lang='lat' dir='ltr'><strong>ptialem</strong></span> <span class='ocrx_word' id='word_1_159' title='bbox 281 1688 423 1739; x_wconf 83' lang='lat' dir='ltr'><strong>quenquam</strong></span> <span class='ocrx_word' id='word_1_160' title='bbox 431 1677 510 1725; x_wconf 84' lang='lat' dir='ltr'><strong>lacere</strong></span> <span class='ocrx_word' id='word_1_161' title='bbox 522 1674 650 1734; x_wconf 84' lang='lat' dir='ltr'><strong>coegisset.</strong></span> <span class='ocrx_word' id='word_1_162' title='bbox 661 1675 941 1745; x_wconf 84' lang='lat' dir='ltr'><strong>l&#39;erumenimverolege</strong></span> 
     </span>
     <span class='ocr_line' id='line_1_22' title="bbox 168 1744 943 1813; baseline 0.003 -13"><span class='ocrx_word' id='word_1_163' title='bbox 168 1751 196 1800; x_wconf 90' lang='lat' dir='ltr'><strong>id</strong></span> <span class='ocrx_word' id='word_1_164' title='bbox 210 1747 349 1813; x_wconf 87' lang='lat' dir='ltr'><strong>prohiberi,</strong></span> <span class='ocrx_word' id='word_1_165' title='bbox 364 1753 389 1795; x_wconf 82' lang='lat' dir='ltr'><strong>et</strong></span> <span class='ocrx_word' id='word_1_166' title='bbox 398 1745 550 1797; x_wconf 88' lang='lat' dir='ltr'><strong>connubium</strong></span> <span class='ocrx_word' id='word_1_167' title='bbox 563 1744 616 1792; x_wconf 90' lang='lat' dir='ltr'><strong>tolli</strong></span> <span class='ocrx_word' id='word_1_168' title='bbox 629 1745 728 1792; x_wconf 87' lang='lat' dir='ltr'><strong>Patrum</strong></span> <span class='ocrx_word' id='word_1_169' title='bbox 734 1760 763 1795; x_wconf 91' lang='lat' dir='ltr'><strong>ac</strong></span> <span class='ocrx_word' id='word_1_170' title='bbox 771 1749 858 1809; x_wconf 87' lang='lat' dir='ltr'><strong>plebis,</strong></span> <span class='ocrx_word' id='word_1_171' title='bbox 867 1751 892 1800; x_wconf 93' lang='lat' dir='ltr'><strong>id</strong></span> <span class='ocrx_word' id='word_1_172' title='bbox 900 1754 943 1802; x_wconf 90' lang='lat' dir='ltr'><strong>de·</strong></span> 
     </span>
     <span class='ocr_line' id='line_1_23' title="bbox 169 1816 939 1887; baseline 0.001 -16"><span class='ocrx_word' id='word_1_173' title='bbox 169 1835 239 1870; x_wconf 92' lang='lat' dir='ltr'><strong>mum</strong></span> <span class='ocrx_word' id='word_1_174' title='bbox 246 1818 451 1870; x_wconf 88' lang='lat' dir='ltr'><strong>contumeliosum</strong></span> <span class='ocrx_word' id='word_1_175' title='bbox 461 1817 526 1877; x_wconf 90' lang='lat' dir='ltr'><strong>plebi</strong></span> <span class='ocrx_word' id='word_1_176' title='bbox 534 1820 578 1863; x_wconf 82' lang='lat' dir='ltr'><strong>est.</strong></span> <span class='ocrx_word' id='word_1_177' title='bbox 588 1816 637 1864; x_wconf 88' lang='lat' dir='ltr'><strong>Cur</strong></span> <span class='ocrx_word' id='word_1_178' title='bbox 643 1816 710 1864; x_wconf 90' lang='lat' dir='ltr'><strong>enim</strong></span> <span class='ocrx_word' id='word_1_179' title='bbox 717 1830 767 1866; x_wconf 91' lang='lat' dir='ltr'><strong>non</strong></span> <span class='ocrx_word' id='word_1_180' title='bbox 774 1821 895 1871; x_wconf 78' lang='lat' dir='ltr'><strong>confertis</strong></span> <span class='ocrx_word' id='word_1_181' title='bbox 908 1824 939 1887; x_wconf 87' lang='grc'><strong>(1)</strong></span> 
     </span>
     <span class='ocr_line' id='line_1_24' title="bbox 168 1887 942 1954; baseline 0.003 -13"><span class='ocrx_word' id='word_1_182' title='bbox 168 1906 200 1942; x_wconf 86' lang='lat' dir='ltr'><strong>ne</strong></span> <span class='ocrx_word' id='word_1_183' title='bbox 216 1891 249 1940; x_wconf 85' lang='lat' dir='ltr'><strong>sil</strong></span> <span class='ocrx_word' id='word_1_184' title='bbox 261 1888 413 1939; x_wconf 92' lang='lat' dir='ltr'><strong>connubium</strong></span> <span class='ocrx_word' id='word_1_185' title='bbox 420 1887 540 1935; x_wconf 86' lang='lat' dir='ltr'><strong>divitibus</strong></span> <span class='ocrx_word' id='word_1_186' title='bbox 549 1901 577 1935; x_wconf 90' lang='lat' dir='ltr'><strong>ac</strong></span> <span class='ocrx_word' id='word_1_187' title='bbox 587 1887 759 1949; x_wconf 75' lang='lat' dir='ltr'><strong>pauperibus?</strong></span> <span class='ocrx_word' id='word_1_188' title='bbox 773 1889 843 1946; x_wconf 81' lang='lat' dir='ltr'><strong>Quod</strong></span> <span class='ocrx_word' id='word_1_189' title='bbox 858 1894 942 1954; x_wconf 85' lang='lat' dir='ltr'><strong>priva·</strong></span> 
     </span>
     <span class='ocr_line' id='line_1_25' title="bbox 170 1958 941 2022; baseline -0.012 -11"><span class='ocrx_word' id='word_1_190' title='bbox 170 1969 252 2011; x_wconf 89' lang='lat' dir='ltr'><strong>torum</strong></span> <span class='ocrx_word' id='word_1_191' title='bbox 266 1959 528 2021; x_wconf 88' lang='lat' dir='ltr'><strong>consiliorumubique</strong></span> <span class='ocrx_word' id='word_1_192' title='bbox 541 1971 639 2018; x_wconf 89' lang='lat' dir='ltr'><strong>semper</strong></span> <span class='ocrx_word' id='word_1_193' title='bbox 649 1958 704 2014; x_wconf 86' lang='lat' dir='ltr'><strong>l&#39;uit,</strong></span> <span class='ocrx_word' id='word_1_194' title='bbox 718 1965 746 2006; x_wconf 91' lang='lat' dir='ltr'><strong>ut</strong></span> <span class='ocrx_word' id='word_1_195' title='bbox 761 1960 788 2007; x_wconf 91' lang='lat' dir='ltr'><strong>in</strong></span> <span class='ocrx_word' id='word_1_196' title='bbox 803 1973 881 2022; x_wconf 78' lang='lat' dir='ltr'><strong>quam</strong></span> <span class='ocrx_word' id='word_1_197' title='bbox 888 1966 941 2014; x_wconf 71' lang='lat' dir='ltr'><strong>cuj.</strong></span> 
     </span>
     <span class='ocr_line' id='line_1_26' title="bbox 167 2028 941 2095; baseline 0.006 -18"><span class='ocrx_word' id='word_1_198' title='bbox 167 2044 219 2093; x_wconf 87' lang='lat' dir='ltr'><strong>que</strong></span> <span class='ocrx_word' id='word_1_199' title='bbox 235 2030 333 2078; x_wconf 85' lang='lat' dir='ltr'><strong>leminae</strong></span> <span class='ocrx_word' id='word_1_200' title='bbox 343 2029 496 2078; x_wconf 80' lang='lat' dir='ltr'><strong>convenisset</strong></span> <span class='ocrx_word' id='word_1_201' title='bbox 507 2028 616 2084; x_wconf 90' lang='lat' dir='ltr'><strong>domum,</strong></span> <span class='ocrx_word' id='word_1_202' title='bbox 630 2028 749 2085; x_wconf 88' lang='lat' dir='ltr'><strong>nuberet;</strong></span> <span class='ocrx_word' id='word_1_203' title='bbox 760 2042 790 2078; x_wconf 87' lang='lat' dir='ltr'><strong>ex</strong></span> <span class='ocrx_word' id='word_1_204' title='bbox 800 2045 849 2094; x_wconf 87' lang='lat' dir='ltr'><strong>qua</strong></span> <span class='ocrx_word' id='word_1_205' title='bbox 856 2041 941 2095; x_wconf 80' lang='lat' dir='ltr'><strong>pactus</strong></span> 
     </span>
     <span class='ocr_line' id='line_1_27' title="bbox 167 2097 941 2156; baseline 0.013 -10"><span class='ocrx_word' id='word_1_206' title='bbox 167 2104 235 2147; x_wconf 84' lang='lat' dir='ltr'><strong>esset</strong></span> <span class='ocrx_word' id='word_1_207' title='bbox 249 2097 287 2145; x_wconf 86' lang='lat' dir='ltr'><strong>vir</strong></span> <span class='ocrx_word' id='word_1_208' title='bbox 300 2100 382 2156; x_wconf 89' lang='lat' dir='ltr'><strong>domo,</strong></span> <span class='ocrx_word' id='word_1_209' title='bbox 395 2099 421 2146; x_wconf 93' lang='lat' dir='ltr'><strong>in</strong></span> <span class='ocrx_word' id='word_1_210' title='bbox 432 2099 617 2148; x_wconf 89' lang='lat' dir='ltr'><strong>matrimonium</strong></span> <span class='ocrx_word' id='word_1_211' title='bbox 629 2099 730 2148; x_wconf 86' lang='lat' dir='ltr'><strong>duceret</strong></span> <span class='ocrx_word' id='word_1_212' title='bbox 740 2117 746 2147; x_wconf 96' lang='lat'><strong>:</strong></span> <span class='ocrx_word' id='word_1_213' title='bbox 758 2099 784 2149; x_wconf 90' lang='lat' dir='ltr'><strong>id</strong></span> <span class='ocrx_word' id='word_1_214' title='bbox 797 2115 841 2152; x_wconf 89' lang='lat' dir='ltr'><strong>vos</strong></span> <span class='ocrx_word' id='word_1_215' title='bbox 850 2106 898 2155; x_wconf 90' lang='lat' dir='ltr'><strong>suh</strong></span> <span class='ocrx_word' id='word_1_216' title='bbox 907 2107 941 2155; x_wconf 88' lang='lat' dir='ltr'><strong>le-</strong></span> 
     </span>
     <span class='ocr_line' id='line_1_28' title="bbox 167 2167 941 2232; baseline 0.013 -17"><span class='ocrx_word' id='word_1_217' title='bbox 167 2167 208 2229; x_wconf 77' lang='lat' dir='ltr'><strong>gis</strong></span> <span class='ocrx_word' id='word_1_218' title='bbox 217 2167 404 2229; x_wconf 82' lang='lat' dir='ltr'><strong>superbissimae</strong></span> <span class='ocrx_word' id='word_1_219' title='bbox 417 2169 513 2218; x_wconf 81' lang='lat' dir='ltr'><strong>vincula</strong></span> <span class='ocrx_word' id='word_1_220' title='bbox 527 2169 659 2232; x_wconf 82' lang='lat' dir='ltr'><strong>conjicitis,</strong></span> <span class='ocrx_word' id='word_1_221' title='bbox 672 2170 941 2232; x_wconf 85' lang='lat' dir='ltr'><strong>quadirimatissocie-</strong></span> 
     </span>
     <span class='ocr_line' id='line_1_29' title="bbox 172 2239 941 2300; baseline 0.012 -13"><span class='ocrx_word' id='word_1_222' title='bbox 172 2245 245 2287; x_wconf 89' lang='lat' dir='ltr'><strong>tatem</strong></span> <span class='ocrx_word' id='word_1_223' title='bbox 259 2239 365 2295; x_wconf 79' lang='lat' dir='ltr'><strong>civilem,</strong></span> <span class='ocrx_word' id='word_1_224' title='bbox 382 2240 491 2300; x_wconf 83' lang='lat' dir='ltr'><strong>duasque</strong></span> <span class='ocrx_word' id='word_1_225' title='bbox 499 2253 527 2288; x_wconf 82' lang='lat' dir='ltr'><strong>ex</strong></span> <span class='ocrx_word' id='word_1_226' title='bbox 534 2254 584 2287; x_wconf 89' lang='lat' dir='ltr'><strong>una</strong></span> <span class='ocrx_word' id='word_1_227' title='bbox 593 2240 690 2288; x_wconf 81' lang='lat' dir='ltr'><strong>civitate</strong></span> <span class='ocrx_word' id='word_1_228' title='bbox 701 2240 806 2290; x_wconf 83' lang='lat' dir='ltr'><strong>faciatis.</strong></span> <span class='ocrx_word' id='word_1_229' title='bbox 827 2244 878 2294; x_wconf 84' lang='lat' dir='ltr'><strong>Cur</strong></span> <span class='ocrx_word' id='word_1_230' title='bbox 891 2260 941 2296; x_wconf 91' lang='lat' dir='ltr'><strong>non</strong></span> 
     </span>
     <span class='ocr_line' id='line_1_30' title="bbox 168 2309 941 2371; baseline 0.01 -13"><span class='ocrx_word' id='word_1_231' title='bbox 168 2309 272 2358; x_wconf 84' lang='lat' dir='ltr'><strong>sancitis</strong></span> <span class='ocrx_word' id='word_1_232' title='bbox 287 2324 318 2358; x_wconf 93' lang='lat' dir='ltr'><strong>ne</strong></span> <span class='ocrx_word' id='word_1_233' title='bbox 333 2310 430 2359; x_wconf 87' lang='lat' dir='ltr'><strong>vicinus</strong></span> <span class='ocrx_word' id='word_1_234' title='bbox 448 2311 552 2371; x_wconf 86' lang='lat' dir='ltr'><strong>patricio</strong></span> <span class='ocrx_word' id='word_1_235' title='bbox 559 2311 592 2359; x_wconf 89' lang='lat' dir='ltr'><strong>sit</strong></span> <span class='ocrx_word' id='word_1_236' title='bbox 605 2311 726 2371; x_wconf 91' lang='lat' dir='ltr'><strong>plebeius,</strong></span> <span class='ocrx_word' id='word_1_237' title='bbox 742 2325 786 2360; x_wconf 92' lang='lat' dir='ltr'><strong>nec</strong></span> <span class='ocrx_word' id='word_1_238' title='bbox 796 2316 883 2365; x_wconf 88' lang='lat' dir='ltr'><strong>codem</strong></span> <span class='ocrx_word' id='word_1_239' title='bbox 898 2317 941 2366; x_wconf 89' lang='lat' dir='ltr'><strong>iti-</strong></span> 
     </span>
     <span class='ocr_line' id='line_1_31' title="bbox 171 2380 941 2438; baseline 0.013 -10"><span class='ocrx_word' id='word_1_240' title='bbox 171 2392 229 2428; x_wconf 88' lang='lat' dir='ltr'><strong>nere</strong></span> <span class='ocrx_word' id='word_1_241' title='bbox 239 2381 294 2427; x_wconf 83' lang='lat' dir='ltr'><strong>eat?</strong></span> <span class='ocrx_word' id='word_1_242' title='bbox 310 2380 558 2429; x_wconf 86' lang='lat' dir='ltr'><strong>neidemconvivium</strong></span> <span class='ocrx_word' id='word_1_243' title='bbox 569 2381 686 2430; x_wconf 88' lang='lat' dir='ltr'><strong>ineattne</strong></span> <span class='ocrx_word' id='word_1_244' title='bbox 695 2382 721 2429; x_wconf 91' lang='lat' dir='ltr'><strong>in</strong></span> <span class='ocrx_word' id='word_1_245' title='bbox 732 2382 785 2431; x_wconf 86' lang='lat' dir='ltr'><strong>loro</strong></span> <span class='ocrx_word' id='word_1_246' title='bbox 792 2386 941 2438; x_wconf 90' lang='lat' dir='ltr'><strong>eodemcon-</strong></span> 
     </span>
     <span class='ocr_line' id='line_1_32' title="bbox 167 2449 941 2516; baseline 0.003 -16"><span class='ocrx_word' id='word_1_247' title='bbox 167 2450 258 2500; x_wconf 83' lang='lat' dir='ltr'><strong>sistatl</strong></span> <span class='ocrx_word' id='word_1_248' title='bbox 280 2449 341 2505; x_wconf 85' lang='lat' dir='ltr'><strong>Quid</strong></span> <span class='ocrx_word' id='word_1_249' title='bbox 358 2451 463 2498; x_wconf 90' lang='lat' dir='ltr'><strong>enimin</strong></span> <span class='ocrx_word' id='word_1_250' title='bbox 479 2463 507 2499; x_wconf 89' lang='lat' dir='ltr'><strong>re</strong></span> <span class='ocrx_word' id='word_1_251' title='bbox 521 2458 558 2499; x_wconf 91' lang='lat' dir='ltr'><strong>est</strong></span> <span class='ocrx_word' id='word_1_252' title='bbox 570 2452 646 2506; x_wconf 87' lang='lat' dir='ltr'><strong>aliud,</strong></span> <span class='ocrx_word' id='word_1_253' title='bbox 656 2451 677 2499; x_wconf 89' lang='lat' dir='ltr'><strong>si</strong></span> <span class='ocrx_word' id='word_1_254' title='bbox 688 2452 807 2514; x_wconf 90' lang='lat' dir='ltr'><strong>plebeiam</strong></span> <span class='ocrx_word' id='word_1_255' title='bbox 820 2458 941 2516; x_wconf 81' lang='lat' dir='ltr'><strong>patricius</strong></span> 
     </span>
     <span class='ocr_line' id='line_1_33' title="bbox 170 2519 941 2584; baseline 0.01 -16"><span class='ocrx_word' id='word_1_256' title='bbox 170 2519 276 2577; x_wconf 79' lang='lat' dir='ltr'><strong>duxerit,</strong></span> <span class='ocrx_word' id='word_1_257' title='bbox 288 2521 309 2568; x_wconf 91' lang='lat' dir='ltr'><strong>si</strong></span> <span class='ocrx_word' id='word_1_258' title='bbox 317 2521 446 2581; x_wconf 90' lang='lat' dir='ltr'><strong>patriciam</strong></span> <span class='ocrx_word' id='word_1_259' title='bbox 452 2521 578 2582; x_wconf 73' lang='lat' dir='ltr'><strong>plebeius?</strong></span> <span class='ocrx_word' id='word_1_260' title='bbox 591 2520 652 2576; x_wconf 81' lang='lat' dir='ltr'><strong>Quid</strong></span> <span class='ocrx_word' id='word_1_261' title='bbox 661 2522 728 2584; x_wconf 87' lang='lat' dir='ltr'><strong>juris</strong></span> <span class='ocrx_word' id='word_1_262' title='bbox 735 2524 833 2573; x_wconf 89' lang='lat' dir='ltr'><strong>tandem</strong></span> <span class='ocrx_word' id='word_1_263' title='bbox 849 2527 941 2578; x_wconf 91' lang='lat' dir='ltr'><strong>immu-</strong></span> 
     </span>
     <span class='ocr_line' id='line_1_34' title="bbox 168 2589 942 2654; baseline 0.01 -16"><span class='ocrx_word' id='word_1_264' title='bbox 168 2589 253 2638; x_wconf 82' lang='lat' dir='ltr'><strong>tatur?</strong></span> <span class='ocrx_word' id='word_1_265' title='bbox 264 2602 352 2650; x_wconf 88' lang='lat' dir='ltr'><strong>nempe</strong></span> <span class='ocrx_word' id='word_1_266' title='bbox 363 2598 459 2650; x_wconf 89' lang='lat' dir='ltr'><strong>patrem</strong></span> <span class='ocrx_word' id='word_1_267' title='bbox 473 2596 610 2652; x_wconf 80' lang='lat' dir='ltr'><strong>sequuntur</strong></span> <span class='ocrx_word' id='word_1_268' title='bbox 625 2591 706 2639; x_wconf 86' lang='lat' dir='ltr'><strong>liberi.</strong></span> <span class='ocrx_word' id='word_1_269' title='bbox 718 2591 764 2639; x_wconf 84' lang='lat' dir='ltr'><strong>llec</strong></span> <span class='ocrx_word' id='word_1_270' title='bbox 777 2595 842 2654; x_wconf 88' lang='lat' dir='ltr'><strong>quod</strong></span> <span class='ocrx_word' id='word_1_271' title='bbox 856 2610 902 2646; x_wconf 88' lang='lat' dir='ltr'><strong>nos</strong></span> <span class='ocrx_word' id='word_1_272' title='bbox 913 2612 942 2646; x_wconf 87' lang='lat' dir='ltr'><strong>cx</strong></span> 
     </span>
     <span class='ocr_line' id='line_1_35' title="bbox 170 2658 941 2726; baseline 0.008 -17"><span class='ocrx_word' id='word_1_273' title='bbox 170 2658 295 2709; x_wconf 87' lang='lat' dir='ltr'><strong>connubio</strong></span> <span class='ocrx_word' id='word_1_274' title='bbox 307 2667 389 2707; x_wconf 86' lang='lat' dir='ltr'><strong>vestro</strong></span> <span class='ocrx_word' id='word_1_275' title='bbox 402 2667 513 2721; x_wconf 89' lang='lat' dir='ltr'><strong>petamus</strong></span> <span class='ocrx_word' id='word_1_276' title='bbox 521 2660 658 2722; x_wconf 88' lang='lat' dir='ltr'><strong>quidquam</strong></span> <span class='ocrx_word' id='word_1_277' title='bbox 672 2668 717 2718; x_wconf 86' lang='lat' dir='ltr'><strong>est,</strong></span> <span class='ocrx_word' id='word_1_278' title='bbox 734 2671 902 2726; x_wconf 82' lang='lat' dir='ltr'><strong>praeterquam</strong></span> <span class='ocrx_word' id='word_1_279' title='bbox 913 2675 941 2717; x_wconf 89' lang='lat' dir='ltr'><strong>ut</strong></span> 
     </span>
     <span class='ocr_line' id='line_1_36' title="bbox 169 2727 941 2799; baseline 0.008 -19"><span class='ocrx_word' id='word_1_280' title='bbox 169 2731 311 2786; x_wconf 89' lang='lat' dir='ltr'><strong>hominum,</strong></span> <span class='ocrx_word' id='word_1_281' title='bbox 325 2737 352 2778; x_wconf 91' lang='lat' dir='ltr'><strong>ut</strong></span> <span class='ocrx_word' id='word_1_282' title='bbox 361 2731 452 2780; x_wconf 82' lang='lat' dir='ltr'><strong>civium</strong></span> <span class='ocrx_word' id='word_1_283' title='bbox 465 2746 569 2781; x_wconf 90' lang='lat' dir='ltr'><strong>numero</strong></span> <span class='ocrx_word' id='word_1_284' title='bbox 577 2732 668 2792; x_wconf 61' lang='lat' dir='ltr'><strong>simum</strong></span> <span class='ocrx_word' id='word_1_285' title='bbox 678 2734 839 2799; x_wconf 72' lang='lat' dir='ltr'><strong>necvoslnisi</strong></span> <span class='ocrx_word' id='word_1_286' title='bbox 849 2727 876 2785; x_wconf 82' lang='lat' dir='ltr'><strong>in</strong></span> <span class='ocrx_word' id='word_1_287' title='bbox 885 2751 941 2788; x_wconf 90' lang='lat' dir='ltr'><strong>con-</strong></span> 
     </span>
    </p>
   </div>
   <div class='ocr_carea' id='block_1_4' title="bbox 168 2874 938 2930">
    <p class='ocr_par' dir='ltr' id='par_1_5' title="bbox 168 2874 938 2930">
     <span class='ocr_line' id='line_1_37' title="bbox 168 2874 938 2930; baseline 0.005 -12"><span class='ocrx_word' id='word_1_288' title='bbox 168 2901 195 2910; x_wconf 89' lang='lat'><em>-</em></span> <span class='ocrx_word' id='word_1_289' title='bbox 206 2877 225 2919; x_wconf 85' lang='lat'><strong>7.</strong></span> <span class='ocrx_word' id='word_1_290' title='bbox 236 2874 357 2929; x_wconf 74' lang='lat' dir='ltr'><strong>consertis,</strong></span> <span class='ocrx_word' id='word_1_291' title='bbox 365 2874 499 2929; x_wconf 79' lang='lat' dir='ltr'><strong>pouraz&#39;mnl</strong></span> <span class='ocrx_word' id='word_1_292' title='bbox 514 2886 544 2919; x_wconf 90' lang='lat' dir='ltr'><strong>ou</strong></span> <span class='ocrx_word' id='word_1_293' title='bbox 570 2887 681 2920; x_wconf 73' lang='lat' dir='ltr'><strong>consensu</strong></span> <span class='ocrx_word' id='word_1_294' title='bbox 697 2874 767 2930; x_wconf 69' lang='lat' dir='ltr'><strong>fertis</strong></span> <span class='ocrx_word' id='word_1_295' title='bbox 781 2876 903 2929; x_wconf 73' lang='lat' dir='ltr'><strong>lanus-snt.</strong></span> <span class='ocrx_word' id='word_1_296' title='bbox 920 2894 938 2923; x_wconf 76' lang='lat' dir='ltr'><strong>n</strong></span> 
     </span>
    </p>
   </div>
   <div class='ocr_carea' id='block_1_5' title="bbox 0 0 958 3690">
    <p class='ocr_par' dir='ltr' id='par_1_6' title="bbox 0 0 958 3690">
     <span class='ocr_line' id='line_1_38' title="bbox 0 0 958 3690; baseline 0 0"><span class='ocrx_word' id='word_1_297' title='bbox 0 0 958 3690; x_wconf 95' lang='lat' dir='ltr'><strong> </strong></span> 
     </span>
    </p>
   </div>
  </div>
 </body>
</html>
