1904 3216
306 107 344 160 EX
360 109 427 159 llllll
443 107 531 160 ldBRO
549 107 649 162 xxlul.
819 113 865 163 18⁰

87 234 181 283 umen,
195 235 224 276 ut
237 225 264 275 in
275 239 304 275 re
315 226 417 285 nelarie,
435 241 490 288 qum
503 240 584 286 mens,
597 224 665 289 qued
680 227 812 278 consilium
826 243 865 278 re-

87 305 170 350 strum
177 297 330 354 luerit‚scire
336 298 419 346 velim.
427 297 678 361 Rhegiumqucndam
687 298 865 361 inpraesidium

87 369 166 419 missa
184 368 259 427 legio,
273 368 413 416 interiectis
428 381 472 430 per
486 368 568 417 scelus
579 368 735 431 principibus
747 367 865 424 civitatis

87 440 178 488 urbem
191 437 336 501 opulentam
349 437 484 498 perdecem
495 439 662 487 ennostcnuit
673 438 866 501 :propterquod

87 510 185 560 lacinus
196 516 246 557 tota
259 508 335 570 legio,
347 507 424 556 ruillin
434 508 566 557 hominum
577 514 703 570 quattuor,
714 509 740 557 in
750 510 805 559 foro
817 509 866 558 lto-

88 593 137 629 mae
146 578 226 629 securi
234 578 346 642 percussi
357 585 416 627 sunt
427 577 468 641 (9).
481 578 572 628 Sedilli
583 578 702 641 primum,
714 592 763 628 non
770 579 867 629 Atrium

89 650 210 700 llmbrum
226 649 375 700 semilixnm.
399 648 509 697 nominis
531 648 607 698 etiam
631 649 791 699 abominandi
820 651 867 699 du-

89 734 145 770 cem
153 720 211 784 (10).
219 721 262 769 sed
271 719 372 769 Decium
380 720 517 769 luhellium
526 719 656 768 tribunum
666 719 777 769 militum
785 719 866 770 secuti

89 799 165 840 sunt:
176 803 224 841 nec
233 804 291 840 cum
303 790 405 850 Pyrrlrc,
416 803 461 839 nec
470 803 527 839 cum
536 789 690 839 Samnitibus
699 801 741 838 aut
752 790 866 848 Lucanis,

88 860 204 911 hostibus
212 859 299 924 populi
314 860 426 917 Romani,
436 872 463 908 se
475 857 672 921 conjunxerunt:
684 873 790 909 vescum
801 860 868 910 ilun-

90 931 204 981 deridet
219 930 319 981 ludibili
333 929 435 980 consilia
448 929 655 986 communicastis,
666 940 691 978 et
701 944 770 978 arma
783 944 868 981 conso-

89 1001 181 1050 ciaturi
190 1001 281 1050 fuistis.
292 1000 340 1058 Illi,
350 1000 415 1049 sicut
426 999 542 1061 Campani
554 997 664 1060 Cnpunm
675 998 760 1048 'luscis
772 1001 868 1049 veteri·

89 1074 137 1122 hus
143 1072 281 1122 cultoribus
287 1072 435 1135 ademptam,
444 1068 583 1120 llnmertini
592 1069 619 1118 in
631 1069 715 1118 Sicilia
723 1071 867 1132 llessunnm,

90 1141 129 1192 sic
138 1141 261 1204 Rhegium
269 1140 379 1191 habituri
388 1147 534 1203 perpetuam
545 1139 628 1189 sedem
638 1144 708 1188 erem
718 1150 724 1186 :
734 1152 781 1188 nec
788 1151 869 1202 popu-

90 1213 145 1261 lum
158 1211 305 1269 Romanum,
319 1225 366 1260 nec
376 1210 457 1259 socios
470 1209 555 1272 populi
570 1207 674 1259 Romani
686 1209 756 1258 ultim
765 1208 868 1259 lacessi-

90 1283 142 1333 turi
152 1283 226 1333 hello.
242 1283 410 1332 Sucronemne
418 1279 683 1347 (lllrosdomicilium
691 1279 869 1330 habituriern-

90 1353 141 1403 tis?
155 1352 198 1403 uhi
215 1354 237 1402 si
252 1367 295 1402 vos
309 1353 431 1403 decedens
452 1352 564 1400 conlecta
583 1349 711 1413 provincia
729 1349 870 1413 imperator

90 1423 271 1487 relinquerem,
286 1423 361 1474 dedm
374 1423 554 1484 hominumque
566 1421 641 1470 fidem
648 1421 781 1482 implorare
791 1421 870 1472 debe·

91 1494 165 1553 batis,
175 1494 241 1558 quod
254 1508 305 1543 non
318 1492 432 1542 rediretis
441 1492 473 1541 ud
486 1490 604 1554 coniuges
614 1491 757 1553 liberosque
763 1498 868 1544 restms.

92 1564 140 1614 Sed
159 1565 250 1614 horum
269 1577 370 1627 quoque
392 1562 548 1622 memoriam,
572 1563 637 1611 sicut
656 1562 744 1624 putriae
761 1562 868 1624 meique.

92 1635 217 1697 ejeceritis
231 1649 260 1684 ex
276 1635 365 1683 animis
379 1633 478 1683 restris
496 1633 564 1683 Viam
580 1633 676 1682 consilii
688 1633 814 1690 scelerati,
825 1633 871 1683 sed

92 1720 144 1756 non
162 1706 193 1754 nd
214 1705 333 1754 ultimum
348 1704 478 1763 dementis,
489 1705 590 1766 exsequi
600 1704 650 1767 (12)
660 1707 723 1753 volo.
736 1705 804 1755 liene
815 1705 870 1754 vire

92 1783 119 1827 et
131 1783 213 1826 cetero
224 1775 343 1825 incolumi
358 1775 476 1831 exercitu,
489 1789 547 1823 cum
565 1789 614 1837 quo
629 1789 675 1836 ego
693 1776 732 1825 die
748 1790 800 1825 uno
812 1776 871 1826 Cer·

91 1846 221 1909 tlrnginem
234 1846 297 1909 cepi.
310 1859 368 1894 cum
376 1859 425 1907 quo
437 1851 557 1906 quattuor
566 1845 739 1906 imperatores,
752 1852 871 1908 quattuor

92 1916 628 1979 exercitusCarthaginiensiumludi,luguvi,
636 1915 869 1982 [llispnnielexpuli

93 2035 133 2079 pus
148 2023 187 2067 des
203 2027 324 2079 portenta.
337 2047 363 2055 -
374 2023 394 2066 0.
413 2024 469 2066 Tota
496 2022 550 2065 ellel
567 2022 667 2064 conduits
683 2022 785 2074 illem,
796 2021 871 2066 hattus

94 2085 164 2142 topic,
175 2084 255 2129 millia
272 2083 389 2128 hominum
401 2087 470 2141 quat·
496 2085 523 2127 de
541 2095 619 2137 rerges
632 2089 655 2126 et
672 2083 781 2138 decipies
792 2096 820 2127 au
832 2083 872 2127 Ἐο-

94 2150 157 2194 inor.
176 2145 202 2188 in
215 2147 269 2200 [cre
283 2146 308 2190 li.
324 2146 401 2189 securi
415 2157 470 2202 per-
496 2157 554 2186 rum.
564 2142 602 2186 'lel
612 2151 647 2187 est
655 2144 676 2186 le
686 2144 740 2187 rdcit
748 2144 775 2188 de
782 2143 882 2200 Polybo..

94 2206 156 2251 catti
176 2210 240 2250 suut.
258 2207 370 2250 L'orntcur
385 2219 409 2250 se
425 2213 471 2248 sert
497 2207 513 2256 Ι,
529 2207 563 2249 cir.
575 2207 601 2258 73
612 2206 671 2250 celui
680 2207 708 2249 de
721 2205 830 2250 'lite-live
837 2212 872 2251 est

95 2268 125 2312 ici
144 2269 183 2312 des
201 2280 294 2324 propres
312 2275 392 2311 termes
406 2268 434 2310 de
449 2267 470 2309 ln
497 2269 574 2322 perdu.
594 2291 622 2299 -
640 2267 674 2312 10.
685 2267 780 2313 Atrum
795 2267 872 2311 nemi·

94 2331 278 2374 condamnation:
294 2331 349 2373 mnis
357 2331 378 2373 le
390 2329 429 2373 fait
437 2336 471 2372 cst
497 2330 534 2373 nis
551 2328 705 2373 abominandi
722 2328 811 2382 dum,
821 2329 874 2373 chet

94 2395 145 2450 qu'i
156 2394 178 2437 ln
186 2395 244 2437 suite
254 2394 319 2437 d'une
327 2393 416 2436 defense
423 2393 471 2446 opi·
497 2391 536 2446 qui
548 2391 628 2445 potnit
635 2401 667 2433 un
676 2390 763 2435 nnmde
774 2391 872 2434 insumis

94 2457 176 2508 nistre,
196 2462 253 2499 cette
271 2453 344 2509 legion
366 2455 394 2498 de
412 2455 470 2499 1000
498 2466 591 2507 augure.
612 2451 688 2495 derivd
708 2454 736 2498 de
761 2456 822 2496 ater.
843 2450 872 2496 Ge

95 2517 225 2562 hommesse
231 2522 307 2560 trouve
316 2516 402 2560 rdduite
411 2517 471 2560 idtio
498 2528 549 2557 unm
558 2513 655 2569 reppello
663 2526 695 2557 nn
705 2526 756 2559 ven
766 2513 872 2560 d'llornce

96 2580 178 2624 wldnls
191 2581 297 2630 environ.
306 2579 345 2634 qui
357 2579 431 2622 iurent
443 2590 471 2620 eu
498 2577 550 2619 bien
562 2587 652 2621 uonnut

260 2647 309 2687 llic*
319 2649 361 2696 leet
375 2651 417 2685 est:
428 2647 480 2685 hunc
491 2650 512 2683 lu
529 2645 622 2691 liumus.
631 2649 707 2685 wete-

96 2742 125 2754 -
141 2721 175 2764 11.
194 2720 275 2772 sucro,
292 2719 346 2763 uns
361 2717 472 2771 l’Espagne
499 2701 543 2758 rin
559 2715 623 2768 emir,
639 2716 738 2772 pseu
748 2727 794 2759 uu
806 2726 889 2761 mss

98 2781 267 2837 fungorum,
282 2785 344 2824 entre
357 2779 475 2836 &munge-
501 2777 677 2824 decutien-
695 2778 734 2822 lt..
750 2777 823 2820 lium
844 2784 903 2813 eme

95 2843 198 2887 ladleure
213 2850 235 2887 et
253 2835 360 2897 sibrei
381 2859 408 2891 ce
429 2858 477 2904 qus
504 2844 598 2891 ellit...
614 2837 825 2901 exsequium-ud,
835 2829 920 2874 retio-

749 2937 798 2986 Ἄ.
