1904 3216
262 40 276 49 ''
307 40 447 85 ’“Ι”’“’“’
499 40 711 99 '·'·':··:‘·'·'.'i·'.²?··'³'
798 40 803 47 '

315 209 354 260 tt
368 209 438 259 ittlt
454 206 541 261 UBRO
554 208 626 261 xm.
731 164 735 170 ·
809 207 854 259 att

85 318 147 384 tem,
161 329 283 389 captatam
299 324 422 389 Phiiippo,
437 336 567 387 nunquam
580 323 611 373 ad
624 322 782 373 scribendum
795 321 858 373 ami·

84 396 152 445 citiae
159 396 238 445 fredus
246 395 335 444 adduci
342 394 454 455 potuisse
462 407 468 441 :
476 394 628 443 trihusnunc
635 393 694 442 locis
702 406 760 443 cum
767 393 857 444 Perseo

87 468 167 516 toedus
178 467 284 516 incisum
296 465 378 516 literis
390 479 452 524 esse,
462 479 511 515 uno
520 465 617 521 Thebis,
626 465 706 515 altero
717 465 748 514 ad
759 464 855 530 oerum,

87 536 265 598 augustissimo
276 542 302 586 et
313 535 476 586 celeberrimo
494 536 520 584 in
536 536 638 598 tempto,
655 535 732 586 tertio
744 534 855 597 Delphis

87 607 116 656 In
128 607 229 657 Achaico
239 605 422 664 conciliorero,
431 605 479 655 nisi
492 605 648 657 discussaros
659 618 705 671 per
712 618 805 670 paucos
811 605 859 656 lio·

86 689 188 726 manum
202 675 337 740 imperium
357 675 510 727 intentantes
526 677 558 742 (5)
573 683 646 736 esset,
663 690 693 727 eo
704 689 760 727 torn
779 688 858 741 propa

87 746 230 806 adductam,
240 752 270 796 ut
283 747 365 796 aditus
377 752 404 796 ct
414 747 440 796 in
447 745 563 796 Achaiam
571 747 684 798 daretur.
696 747 736 806 tt,
744 746 857 805 hamulo

88 830 147 867 suos
163 816 195 882 (d)
210 816 326 873 honores,
342 817 414 880 cujus
424 816 515 866 merita
528 816 554 866 in
563 830 620 868 eam
628 823 727 880 gentem
739 815 859 881 privatin

88 903 122 939 an
136 889 236 952 publice
245 889 295 938 sint
310 887 414 951 maiora.
426 888 466 937 rix
476 887 527 938 dici
533 894 623 951 posset,
635 888 730 952 partim
736 888 857 947 desertos,

87 973 134 1025 per
148 960 273 1010 incultum
278 972 307 1008 ac
319 958 506 1022 negligentiam,
518 959 611 1022 partim
617 957 858 1009 hostilitersuhiatos

87 1044 152 1082 essa.
161 1030 217 1081 iam
226 1029 318 1079 AEtolos
328 1042 404 1092 quem
416 1029 534 1092 ignorem
543 1028 570 1079 in
579 1028 859 1081 seditionibussuisnon

88 1100 120 1151 ah
129 1097 304 1155 nomminseu
314 1097 574 1162 aienseopraesidium
580 1098 735 1162 pedsoeiilis
745 1098 860 1150 eumiul·

87 1174 143 1221 tum
165 1169 324 1219 societatibus
340 1173 414 1231 atque
429 1167 548 1219 amicitiis
564 1181 607 1218 eos
618 1167 767 1219 domesticos
783 1181 860 1232 appa·

87 1246 160 1290 ratus
169 1238 229 1288 beili
237 1237 338 1296 hahere,
350 1243 380 1288 ut
392 1238 502 1288 externis
512 1251 563 1288 non
573 1244 654 1301 egeam
663 1237 770 1301 triginta
777 1237 859 1289 millia
936 1232 939 1247 '

88 1310 210 1373 peditum,
223 1307 336 1372 quinque
348 1307 428 1359 millia
439 1308 553 1371 equitum
566 1308 703 1359 :indecem
713 1322 791 1360 anuos
800 1308 859 1361 hu·

89 1384 200 1430 ruentum
211 1391 361 1441 pmpararo,
377 1385 406 1428 ut
413 1378 539 1429 abstinere
547 1383 572 1429 et
580 1392 625 1429 suo
636 1385 663 1429 et
673 1378 783 1435 hostium
796 1391 860 1443 agro
872 1414 876 1423 .

88 1446 258 1499 frumentandi
274 1460 348 1497 cansa
359 1446 444 1510 possit.
454 1447 509 1497 dam
516 1449 647 1512 pecuniam
656 1454 750 1499 tantam
756 1449 858 1511 hahere.

87 1526 118 1570 ut
124 1516 328 1570 decemmiliihus
334 1518 546 1568 mercenariorum
553 1519 672 1577 militum,
682 1520 860 1584 pmtaaaaae·

88 1589 182 1640 donum
190 1587 284 1652 copias,
295 1586 445 1651 stipendium
459 1587 486 1637 in
498 1588 600 1638 totidem
607 1602 684 1639 annos
689 1595 860 1654 praeparatum

88 1659 184 1718 haheat.
198 1665 292 1722 praeter
303 1671 423 1717 annuum,
439 1658 505 1721 quod
519 1671 549 1708 ex
558 1659 665 1709 metaliis
680 1658 712 1723 (i)
723 1659 802 1722 regiis
816 1673 860 1710 ca·

88 1729 149 1791 piat,
164 1729 279 1792 vectigal.
296 1731 370 1778 Arma
383 1730 422 1778 rel
433 1728 515 1779 trihus
531 1729 609 1779 tantis
617 1729 767 1781 exercitibus
777 1729 806 1779 in
819 1743 860 1779 ar·

88 1799 252 1849 mamentaria
265 1797 428 1860 congessisse.
440 1798 607 1856 iuventutem,
620 1800 708 1862 utjam
720 1796 860 1849 laocdonia

89 1867 194 1924 deficiat,
204 1867 271 1916 reiut
282 1879 311 1915 ex
323 1865 428 1930 perenni
442 1865 513 1916 fonto
524 1867 592 1918 unde
604 1867 714 1926 hauriat,
729 1868 860 1919 Thraciam

87 1939 226 2002 subjectam
238 1950 301 1988 esse.

107 2067 215 2116 ttahqnnn
226 2068 321 2108 orationis
330 2067 441 2108 adhortatio
453 2068 497 2108 init.

119 2183 173 2233 lton
187 2196 233 2246 ego
248 2185 302 2234 haec
320 2182 421 2235 incertis
435 2185 526 2248 J'actata
543 2187 689 2237 rumoribus
707 2185 860 2250 etcupidius

89 2255 190 2311 credita,
200 2253 326 2317 quietern
343 2268 396 2304 esse
410 2255 441 2305 dc
457 2256 560 2306 inimico
569 2258 674 2307 crimina
687 2257 808 2321 micham,
821 2258 860 2307 ai·

89 2327 245 2388 semodios,
258 2325 343 2375 Patres
359 2325 513 2390 conscripti;
532 2329 576 2376 sed
596 2335 721 2389 comperta
736 2334 763 2377 et
776 2327 871 2389 expio.

88 2403 152 2455 rata.
164 2397 231 2447 haud
244 2409 316 2446 secus
331 2396 434 2458 quamsi
444 2397 584 2461 speculator
593 2398 686 2451 missus
695 2412 710 2447 a
719 2396 788 2448 robis
801 2397 861 2447 auh-

89 2549 138 2592 etil
148 2546 221 2603 aj0ute
229 2559 283 2603 que.
302 2547 321 2590 si
334 2546 382 2590 cela
395 2560 424 2591 ne
437 2559 460 2591 se
488 2547 601 2602 Laodicia,
612 2548 657 2593 filie
666 2548 860 2595 doSdiaucuoPiti·

90 2610 229 2665 iaisaitpius,
240 2621 269 2652 on
281 2609 339 2652 avait
357 2608 460 2653 touteiois
488 2608 580 2663 locator,
599 2610 612 2654 d
629 2610 719 2662 Persae,
734 2622 774 2655 aur
797 2611 860 2656 laura

90 2670 202 2721 conservi,
211 2682 296 2714 comme
312 2671 424 2723 sourcnir,
439 2670 461 2713 la
488 2671 607 2716 vaissoaur.
619 2674 677 2729 (tog.
696 2671 775 2729 Polybo
789 2671 858 2726 uri,

91 2738 162 2775 tuma
186 2731 214 2774 de
238 2729 345 2786 amnicae
365 2732 461 2788 nuptio·
488 2732 523 2775 ch.
535 2734 860 2788 t.)-t.1atantaatn‚inu-

90 2790 460 2847 rumwedioiautionadmhddi.
488 2795 859 2851 mant-hsatoarhumdneparia

90 2857 131 2900 Lea
138 2853 277 2898 nobilissimi
283 2854 367 2910 popuii
374 2862 423 2898 sont
429 2855 462 2898 les
489 2857 554 2900 icida
563 2856 692 2903 lui-mima.
703 2856 874 2898 -Uatott'aa

91 2917 211 2969 Rhodiens,
225 2915 264 2972 qui
283 2915 371 2960 avaient
385 2917 465 2964 ameni
491 2919 571 2967 cei-d.
587 2911 893 2973 mmttttoata'uaw'ffi
