1904 3216
375 206 378 210 ’
431 180 590 230 ΟΒΑΤΙθΝΕὸ
639 202 641 206 ’

462 330 550 379 cxxxi

182 454 238 506 hap.
250 443 288 493 95.
301 444 328 504 Q.
347 443 559 564 Fabilgsigictatljr
569 445 606 578 ἕξ
616 445 719 494 Milites.
733 446 787 509 [459
801 447 839 506 R.‚

479 530 517 562 ar.
547 542 567 562 .-
587 552 592 563 .

147 629 251 674 Postquam
264 628 289 680 ad
299 630 369 680 Suram
377 627 458 667 adversa
468 629 547 681 fortuna
556 632 661 676 pugnatum
671 635 721 675 erar,
729 640 791 667 nurus
799 629 898 674 exereitus

126 672 186 722 homa
201 673 285 710 advenit.
298 674 335 711 sed
350 675 440 719 dictator,
451 673 549 712 elliurcrus
559 678 615 711 ratus
628 675 652 710 ad
668 675 800 711 accendendos
813 675 898 712 virorum

125 717 205 766 lonium
217 717 289 754 animos
298 727 340 755 eam
350 727 392 754 rem
402 719 473 758 celare.
484 717 516 754 his
524 716 596 764 verbis,
605 720 696 764 tanquam
705 718 757 755 nulla
766 717 802 755 nisi
811 718 831 754 in
840 727 898 765 erup-

124 764 178 797 lione
187 769 232 808 spes
241 765 302 806 esset,
309 762 417 810 alloquitur
425 761 509 799 mihies:

155 856 172 898 11
186 856 233 899 taut
246 859 333 901 rainere
350 871 378 902 ou
390 858 451 914 perir
467 859 495 902 de
507 859 576 901 laim:
592 871 635 912 que
651 858 673 902 le
693 871 755 912 camp
773 859 816 900 soit
833 857 899 900 aban-

129 917 207 986 donnd,
225 918 296 972 brule,
313 921 335 964 le
353 919 423 964 soldat
441 921 606 964 s'indemnisera
623 921 650 964 de
667 934 702 963 ses
717 926 790 976 perles
808 933 847 962 sur
867 919 898 962 les

128 990 224 1020 romeus.

160 1084 357 1147 Locisangusris
370 1086 473 1143 milites,
484 1087 631 1150 deprehensi
646 1085 695 1135 nisi
708 1080 782 1147 quam
796 1086 896 1136 victoria

129 1157 326 1218 patefecerimus,
345 1157 410 1206 riam
421 1158 525 1206 mullam
540 1150 678 1205 habemus:
701 1157 791 1205 stativa
815 1163 899 1205 nostra

123 1227 286 1276 'munimento
298 1227 358 1276 satis
376 1234 429 1278 tuta
448 1233 514 1285 sunl,
531 1227 574 1275 sed
593 1227 675 1288 iuopia
693 1226 778 1275 eadem
792 1227 898 1276 infesta:

128 1308 186 1343 nam
198 1303 222 1343 et
232 1297 295 1344 circa
307 1296 391 1344 omnia
404 1297 557 1352 deiecerunt,
564 1295 620 1344 inde
638 1295 739 1344 subvehi
750 1302 901 1346 commeatus

9 1412 12 1419 .
36 1416 39 1421 ,
63 1377 64 1380 ’
129 1371 245 1427 poterant
265 1383 272 1424 ;
288 1372 321 1424 et,
339 1367 359 1415 si
373 1380 457 1416 omnes
469 1365 557 1426 juvare
573 1365 658 1422 velint,
671 1364 756 1426 iniqua
769 1365 822 1415 loca
832 1373 899 1416 sunt.

131 1435 216 1495 Itaque
231 1449 281 1483 non
291 1435 430 1484 lrustrahor
441 1448 539 1497 egonus
548 1441 626 1484 eastra
637 1435 678 1484 hic
687 1435 860 1496 relinquendo,
873 1435 901 1485 in

130 1519 185 1566 quae
199 1504 288 1554 inlecta
299 1507 411 1565 victoria,
420 1506 484 1555 sicut
493 1505 598 1567 pristino
607 1505 648 1554 die
657 1505 701 1568 (l),
709 1520 750 1554 ros
759 1506 899 1567 recipiatis:

62 1575 68 1588 ¹
130 1575 899 1630 armismunimenta.nonmunimentisurmatumessedebent.

129 1647 214 1696 Castra
226 1646 332 1696 habeant
345 1651 506 1708 repetantque
515 1645 605 1706 quihus
616 1659 697 1707 operae
706 1650 743 1695 est
758 1645 790 1708 (i)
803 1646 900 1694 trahere

130 1717 223 1766 bellum
239 1732 245 1764 :
261 1730 306 1765 nos
330 1716 440 1765 omnium
460 1729 545 1764 rerum
563 1712 712 1776 respectum,
733 1723 900 1777 preterquam

26 1829 32 1843 ,
129 1785 247 1844 victoriae,
262 1786 335 1835 nohis
345 1785 508 1835 abscidamus.
523 1785 594 1837 Ferte
607 1798 678 1845 signa
695 1785 720 1832 in
729 1786 825 1834 hostem
840 1783 899 1834 :uhi

68 1896 69 1900 ,
130 1865 200 1904 extra
212 1857 304 1906 vallum
325 1870 415 1917 agmen
433 1855 573 1910 excesserit,
583 1861 672 1912 castra,
686 1855 777 1916 quihus
794 1856 900 1919 impera·

128 1931 183 1974 tum
202 1932 248 1984 est,
268 1927 420 1976 incendant:
442 1926 531 1974 damna
558 1932 647 1980 vestra,
671 1925 771 1982 milites,
787 1927 899 1978 omnium

129 1997 197 2046 circa
208 1995 253 2060 qui
266 1997 409 2047 deiecerunt
419 1996 568 2061 populorum
580 1996 664 2057 praeda
675 1996 825 2044 sarcientur.

465 2151 565 2200 cxxxii

132 2276 187 2337 cap.
198 2272 237 2324 26.
271 2275 357 2325 Oretm
370 2274 397 2324 G.
419 2271 507 2323 lloenii
516 2271 645 2320 dictatura
664 2285 692 2320 aa
709 2271 854 2322 abdicatura
866 2271 900 2322 ad

288 2343 419 2409 Populum.
436 2342 491 2406 (lto
507 2344 546 2400 lh,
562 2342 608 2390 512
621 2355 658 2389 ar.
673 2343 696 2392 J.
710 2342 745 2403 C.)

154 2445 242 2484 dictator
250 2446 392 2493 questionibus
401 2442 514 2496 exercendis
523 2442 587 2481 diclus
594 2449 637 2483 erat
648 2447 669 2482 d.
681 2445 766 2496 laenius,
774 2446 809 2495 qui
817 2446 841 2484 Ι.
853 2445 902 2484 tor-

134 2489 181 2541 hcm
189 2489 409 2543 ,magistrum'oquilum
425 2489 479 2526 dixu.
489 2488 564 2539 Ourhus
578 2497 646 2527 serere
657 2494 790 2542 magstratum
800 2490 901 2544 ageulilm

133 2532 226 2572 nobilitas
237 2535 327 2572 clamant
337 2536 452 2574 dictatorem
460 2536 616 2585 magistrumque
624 2539 712 2582 equum
721 2544 765 2573 reos
773 2545 835 2583 magus
842 2544 901 2584 quam

157 2647 242 2692 ann.
269 2652 290 2694 l.
319 2650 422 2694 pristino
450 2648 502 2699 die,
531 2647 710 2701 temleremenr,
724 2649 833 2703 plusieurs
839 2650 901 2704 jours

131 2726 144 2749 α
155 2710 213 2766 quod
223 2710 289 2766 vulgo
299 2710 381 2767 pridie
395 2711 482 2754 dieitur.
493 2726 504 2748 ι
530 2716 669 2764 auparavaut.
679 2733 706 2742 -
718 2711 739 2754 2.
751 2710 837 2762 Quidue
850 2722 902 2767 ope·

130 2770 504 2823 laria-Gelli.hluis·iri‚elailleurs
531 2782 564 2812 rae
587 2774 627 2823 eat,
648 2770 794 2822 c'esld-dire,
813 2771 854 2826 qui
875 2771 901 2814 id

131 2832 276 2889 quelqueiois,
303 2840 359 2875 cette
386 2835 464 2889 phrase
491 2846 503 2875 a
531 2837 613 2887 ayunt,
637 2833 663 2876 in
681 2844 706 2876 eo
723 2845 817 2888 operum
833 2832 903 2877 eollo·

129 2905 161 2934 aa
170 2904 223 2936 sens
235 2892 287 2948 plus
303 2892 392 2944 alenda,
402 2894 460 2937 celui
476 2891 503 2936 da
530 2896 644 2936 centul...
653 2893 875 2949 quis'atlachentl...
