1904 3216
50 158 54 164 ’
87 178 134 229 iau
240 146 262 179 ³
391 176 554 227 oniiiuias

86 293 171 344 missis
182 293 283 356 quidem
291 291 367 340 tinem
380 305 434 340 esse
448 291 554 351 militiae,
571 292 615 343 sed
624 293 689 356 apud
695 294 812 346 vexillum
820 311 849 348 re

86 371 176 417 tentos.
193 362 369 413 aliovccabqu
389 363 488 412 eosdem
514 363 612 414 iabores
636 366 772 426 perferre:
790 371 866 421 acsi
895 408 899 415 .

87 435 190 498 quistet
203 447 274 482 casus
288 433 337 482 vita
350 432 512 495 superaverit,
530 434 594 483 trahi
611 434 693 484 adhuc
704 435 817 486 diversas
832 438 857 485 in

11 549 15 569 ἶ
87 511 177 562 terras,
193 504 235 553 ubi
250 517 392 566 pernumen
401 517 521 565 agrorum
530 505 767 568 uliginespaludum
774 508 812 556 vel
819 507 858 556 in.

87 576 153 626 culta
181 575 306 624 montium
331 573 463 636 accipiant.
488 575 619 625 Enimvero
642 575 757 626 militiam
778 578 856 641 ipsam

87 658 197 709 gravem
214 644 408 692 infructuosam:
422 643 493 694 denis
503 645 602 694 indiein
609 645 704 695 assibus
714 647 822 696 animam
833 654 859 698 ct

87 729 179 777 corpus
202 713 340 764 aestimari:
356 714 415 763 binc
439 720 541 772 uestem,
566 729 645 772 arma,
657 717 779 777 tentoria;
799 719 858 768 hinc

87 784 207 836 saeuitiam
221 784 397 833 centurionum
412 789 437 834 et
448 785 587 834 uacationes
608 799 742 835 munerum
756 789 856 838 redimi.

87 861 125 913 At,
134 855 246 912 hercule,
259 856 363 903 verbera
374 860 399 904 et
412 854 524 912 vulnera,
535 855 625 904 duram
632 854 749 914 hiemem,
762 857 858 906 exerci-

88 934 125 977 tas
140 931 244 983 aestates,
259 925 353 974 bellum
368 932 445 981 atrox,
465 931 509 974 aut
524 925 636 975 sterilem
657 940 743 988 pacem
764 929 857 990 sempi-

86 1005 176 1056 terna;
191 1010 237 1046 nec
250 996 318 1045 aliud
336 996 513 1054 levamentum,
526 996 631 1058 quamsi
643 997 719 1046 certis
733 998 780 1046 sub
793 997 858 1060 legi-

86 1069 135 1118 bus
145 1067 233 1116 militia
245 1066 367 1116 iniretur:
381 1071 409 1114 ut
419 1066 530 1128 singulus
539 1065 655 1115 denarios
668 1064 700 1130 (i)
714 1074 836 1116 mererent
848 1084 854 1126 ;

88 1145 171 1189 sextus
182 1137 293 1186 decimus
307 1135 424 1199 stipendii
438 1135 603 1185 annusiluem
615 1136 733 1194 afferren
748 1138 856 1188 neultra

88 1210 135 1260 sub
145 1207 240 1257 vexiliis
256 1212 411 1262 tenerentur,
423 1204 468 1254 sed
480 1204 572 1254 iisdem
586 1204 613 1253 in
627 1206 713 1255 castris
723 1207 855 1269 praemium

88 1281 192 1344 pecunia
208 1279 352 1327 solveretur.
368 1282 404 1324 itii
415 1277 544 1338 praetorias
564 1277 689 1333 cobortes,
713 1290 770 1340 quae
784 1279 857 1328 binos

88 1349 203 1399 denarios
214 1347 364 1409 acceperint,
380 1359 436 1409 quae
447 1352 502 1408 post
519 1346 628 1396 sedecim
639 1360 716 1395 annos
726 1348 856 1408 penatibus

88 1418 141 1470 suis
156 1417 302 1474 reddantur,
319 1416 376 1478 plus
390 1414 559 1477 periculorum
576 1415 721 1477 suscipere?
736 1416 786 1465 Nou
808 1418 856 1466 ob-

88 1486 190 1536 trectari
205 1499 260 1535 asc
276 1484 384 1534 urbanas
398 1484 527 1543 excubias3
547 1482 594 1533 sibi
617 1490 697 1533 tamen
708 1486 774 1547 apud
794 1486 858 1536 buc-

88 1555 157 1606 ridas
170 1562 256 1617 gentes
269 1569 284 1604 e
296 1553 464 1604 contuberniis
478 1555 576 1603 hostem
589 1554 675 1617 aspici.

461 1735 483 1783 ΙΙ

215 1860 271 1922 Cap.
288 1857 317 1906 ic
350 1855 426 1908 Verba
441 1855 556 1906 Vibuleiii
567 1857 594 1906 i'n
606 1857 724 1908 Blaesum.

111 1991 181 2031 iunius
189 1991 269 2042 blaesus,
280 1988 313 2036 qui
322 1987 438 2039 Panncnicis
446 1987 576 2038 iegadcnibiis
593 1989 610 2026 le
625 1993 669 2026 atus
678 1991 772 2037 praerat,
782 1999 857 2039 paucos

90 2037 217 2077 seditiososin
227 2043 325 2072 carcerem
334 2031 379 2070 duci
385 2036 478 2079 iusserat.
486 2033 600 2084 decurritur
636 2033 740 2082 uniuersis.
748 2038 857 2074 etearcefe

89 2083 180 2125 effracto,
189 2078 265 2130 vincula
283 2078 390 2130 solvuntur.
406 2076 455 2126 'i'um
472 2075 582 2127 Vibulenus.
592 2087 694 2126 gregarius
703 2077 767 2120 mites,
777 2089 816 2122 uuo
825 2081 857 2118 iu-

90 2130 157 2165 rentes
173 2123 235 2175 magis
254 2125 350 2164 incitaret,
369 2119 521 2167 tingitimtrem,
541 2131 573 2169 qui
582 2131 680 2170 nunquam
688 2121 707 2160 ei
717 2121 788 2169 iuerat¹
797 2124 856 2172 jussu

90 2170 147 2209 atesi
154 2168 204 2208 ciam
214 2165 346 2205 interiectum.

119 2265 165 2314 ios
178 2264 278 2327 quidem
293 2262 333 2312 his
347 2261 520 2310 innocentibus
529 2267 555 2309 et
570 2260 721 2312 miserrimis
739 2266 820 2313 lucem
831 2272 858 2314 et

89 2335 206 2399 spiritum
216 2333 359 2383 reddidistis
376 2331 438 2381 :sed
453 2329 507 2394 quis
522 2330 593 2379 fratri
615 2344 671 2381 meo
690 2333 775 2392 uitam,
795 2334 856 2395 quis

89 2470 112 2511 1.
129 2465 236 2521 Sincaius
256 2463 366 2508 denarius
389 2474 460 2506 mere·
486 2463 619 2514 monetaire,
637 2463 701 2506 iiiut
720 2464 781 2518 porte
800 2465 812 2507 b
830 2468 859 2508 ‘lu

89 2531 151 2573 rent.
165 2530 194 2572 Le
211 2529 287 2571 denier
309 2527 375 2569 valait
393 2528 459 2581 (coni-
486 2535 515 2564 as.
525 2524 563 2567 Les
574 2525 654 2567 scidats
665 2525 789 2566 reccvaicnt
802 2536 859 2579 pour

90 2603 125 2632 me
148 2603 186 2632 son
207 2601 257 2630 nem
281 2587 392 2642 l’indique)
418 2586 459 2629 dix
485 2584 546 2626 soldc
566 2584 721 2634 decentesses
735 2579 770 2627 'ou
786 2587 860 2628 dena·

89 2664 124 2701 cs,
142 2650 225 2706 jusqu'd
250 2649 270 2691 la
297 2649 404 2692 dictatura
432 2648 458 2690 de
485 2645 548 2687 rium
560 2645 613 2688 dans
625 2646 746 2687 i'aiiiieiiiie
760 2649 858 2689 vateur:

91 2713 167 2755 Fabius
185 2711 235 2764 (Pan
262 2711 300 2752 537
329 2708 357 2752 dc
384 2710 457 2754 Rome,
485 2704 512 2746 ils
522 2706 653 2749 demandent
668 2706 689 2748 la
705 2719 805 2749 iicuveau
818 2708 859 2750 de-

89 2772 127 2815 iii
143 2773 260 2825 av.i.-G.);
273 2772 284 2812 d
299 2776 356 2813 cette
365 2771 456 2825 speque,
485 2766 544 2809 nicr.

91 2847 129 2890 par
140 2835 196 2877 suite
206 2834 232 2875 dc
246 2833 400 2887 cliangemcnts
416 2843 457 2885 que
511 2827 536 2869 li.
559 2828 625 2883 Vorez
650 2830 681 2872 ies
702 2836 766 2874 notes
786 2830 815 2874 do
837 2831 861 2877 ba

83 2895 148 2939 subit
165 2897 188 2939 ie
201 2894 296 2953 systema
317 2893 419 2937 tinanrici·
435 2896 457 2934 et
484 2888 598 2931 Narraticii
611 2888 627 2937 l,
641 2902 660 2944 p.
675 2889 695 2940 8,
706 2890 727 2932 9.
