1904 3216
129 145 176 197 512
435 143 597 196 olttuotltts

128 271 221 319 locum.
231 265 294 324 cuit
309 265 420 328 ergoilla
429 265 477 315 sihi
491 266 541 314 rult
552 279 611 328 pars
622 265 702 316 altera
711 268 839 328 orationis,
849 285 898 334 qua

77 349 79 354 '
128 343 251 391 Romanos
265 353 278 387 a
290 349 330 386 me
348 337 426 385 cultos
445 337 488 394 ait,
504 343 580 398 atque
591 351 679 387 eorum
690 337 780 389 fiducia
791 340 818 389 in
828 356 897 404 spem

127 410 200 473 regni
212 423 253 459 me
263 409 377 457 venisse?
386 408 447 456 llam
455 406 476 456 si
483 406 541 456 etin
550 408 667 458 Romanis
674 415 772 459 tantum
778 416 896 463 momenti

128 495 181 532 esse
192 479 330 534 credebam,
338 485 375 535 ut,
388 492 460 538 quern
473 478 573 535 vellent,
583 478 740 539 imponerent
749 481 896 534 Macedoniae

126 568 220 619 regem,
236 561 260 603 et
281 567 344 602 meae
363 559 459 601 tantum
479 553 543 614 apud
564 565 605 602 eos
619 553 707 614 gratiae
727 555 894 615 confidebam

126 628 187 691 quid
194 639 256 687 opus
264 623 396 686 parricidio
406 621 473 682 luit?
485 637 516 671 an
527 627 557 671 ut
564 628 695 672 cruentum
704 624 815 674 fraterna
829 630 896 678 caede

125 698 238 747 diadema
249 691 382 756 gererem?
394 699 422 740 ut
432 692 483 742 illis
493 692 564 754 ipsis,
577 693 643 756 apud
650 707 712 754 quos
723 702 841 758 uulnera,
851 709 895 748 aut

124 772 193 816 certe
206 765 330 820 simulata,
340 761 463 823 probitate
473 769 570 824 partam
577 762 685 823 gratiam
693 763 809 822 habeo,si
820 781 895 830 quam

124 838 188 886 forte
203 831 455 890 habeo,exsecrabilis
467 837 494 881 et
504 831 598 882 invisus
606 833 762 884 essemlnisi
773 837 799 884 Τ.
815 837 895 894 Quin·

123 907 202 958 ctium
209 904 300 964 credis,
308 902 380 966 cujus
387 902 482 952 virtute
489 902 521 966 (3)
528 909 554 952 et
565 903 677 954 consiliis
688 918 728 954 me
733 918 801 955 nunc
807 910 894 970 arguis

121 976 178 1042 regi
197 989 277 1040 quum
297 978 323 1023 et
339 973 392 1035 ipse
409 972 453 1022 tali
472 972 562 1036 pietate
577 973 643 1024 vivat
655 988 713 1024 cum
729 975 814 1035 fratre,
828 979 891 1029 mihi

122 1050 240 1099 fraternae
251 1045 326 1096 caedis
337 1044 416 1094 luisse
429 1049 564 1093 auctorem.
580 1045 648 1094 ldem
662 1059 711 1094 non
724 1045 891 1099 Romanorum

121 1121 201 1170 solum
218 1116 333 1179 gratiam,
353 1115 397 1164 sed
418 1114 573 1164 Macedonum
585 1115 690 1178 iudicia,
706 1131 735 1165 ac
751 1131 822 1179 paene
839 1134 891 1170 om-

120 1195 193 1244 nium
202 1193 307 1242 deorum
318 1189 499 1251 hominumque
508 1202 651 1238 comensem
660 1185 767 1252 collegit,
779 1206 825 1255 per
834 1209 890 1257 quae

120 1264 204 1316 omnia
221 1277 248 1312 se
262 1261 324 1311 mihi
337 1274 424 1323 parem
435 1259 463 1308 in
478 1259 612 1310 certamine
623 1273 672 1310 non
685 1261 799 1311 futurum
811 1266 890 1315 credi-

120 1336 195 1390 derit.
211 1335 289 1388 Idem,
310 1339 426 1392 tanquam
445 1329 471 1378 in
492 1329 548 1379 aliis
563 1330 678 1380 omnihus
696 1332 772 1381 rebus
784 1331 890 1384 inferior

119 1420 207 1462 essem,
222 1404 253 1452 ad
264 1401 365 1452 sceleris
376 1413 445 1464 spem
458 1400 573 1448 ultimam
582 1401 722 1462 confugisse
732 1415 773 1450 me
783 1402 889 1453 insimu-

118 1477 164 1527 lat.
177 1476 217 1524 llis
228 1476 292 1523 hanc
301 1471 434 1521 formulam
447 1470 593 1532 cognitionis
607 1470 639 1534 (ll
653 1485 715 1528 esse,
729 1477 766 1528 ut,
781 1479 839 1521 uter
854 1475 888 1523 ti-

119 1546 211 1596 muerit
225 1558 257 1592 ne
276 1543 341 1591 alter
358 1541 458 1602 dignior
475 1541 603 1591 videretur
615 1554 701 1604 regno,
716 1541 739 1590 is
757 1544 888 1594 consilium

117 1615 274 1681 opprimendi
288 1613 374 1662 fratris
387 1612 481 1674 cepisse
491 1610 636 1673 judicetur?

149 1689 317 1748 Exsequamur
339 1689 423 1731 tamen
442 1695 600 1745 quocumque
620 1682 693 1731 modo
706 1682 805 1732 couilcti
821 1686 888 1736 ordi·

118 1774 176 1811 nem
189 1756 311 1808 criminis.
320 1753 435 1802 Pluribus
442 1752 522 1801 modis
530 1766 556 1802 se
566 1752 671 1815 petitum
680 1752 828 1804 criminatus
840 1764 885 1813 est,

117 1835 143 1882 et
153 1843 238 1881 omnes
248 1826 394 1875 insidiarum
408 1825 459 1874 vias
473 1824 500 1872 in
515 1837 593 1873 unum
606 1823 671 1874 diem
681 1825 796 1874 contulit.
814 1827 886 1877 Volui

117 1900 228 1952 interdiu
238 1911 296 1947 eum
310 1904 365 1958 post
376 1895 559 1952 lustrationem,
571 1907 650 1957 quum
665 1894 846 1952 concurrimus,
861 1905 887 1947 et

116 1973 226 2037 quidem,
241 1967 264 2017 si
276 1968 325 2016 diis
334 1967 422 2030 placet,
433 1965 606 2014 lustrationum
622 1964 662 2014 die
672 1966 797 2015 occidere:
807 1967 884 2023 volui,

116 2057 192 2108 quum
204 2041 235 2089 ad
248 2052 342 2089 coenam
356 2037 466 2092 invitari,
478 2049 572 2085 veneno
586 2034 681 2085 scilicet
694 2037 795 2086 tollere:
808 2038 884 2093 volui,

114 2195 189 2239 mullo
208 2195 263 2235 ante
280 2204 316 2234 me
331 2202 449 2233 accusare.
460 2213 486 2221 -
513 2191 670 2234 taientdevant
682 2191 703 2235 le
717 2192 818 2247 precene,
829 2194 884 2238 elles

114 2258 139 2300 5.
166 2256 236 2309 Cujus
258 2253 359 2303 virtute,
379 2263 418 2307 par
436 2251 487 2293 l'in·
512 2253 885 2308 exposaientleursgrielsouleurs

114 2320 205 2368 lluence,
215 2328 255 2372 par
268 2315 289 2358 la
303 2312 433 2368 superioritd
446 2313 486 2355 du·
511 2313 884 2370 protentione:lepreteur,instruit

113 2380 173 2437 quel.
184 2379 239 2422 G’est
248 2378 268 2420 ll
277 2390 322 2421 une
329 2376 367 2419 des
377 2376 485 2430 significa·
511 2388 551 2431 par
560 2376 580 2418 ld
589 2375 616 2420 de
625 2389 651 2420 ce
660 2377 698 2432 qui
708 2377 761 2420 etait
774 2389 803 2420 en
817 2391 883 2433 ques·

114 2444 171 2486 tions
180 2442 207 2485 de
223 2441 306 2484 virtue.
318 2439 346 2481 La
363 2439 484 2481 correction
512 2439 565 2488 tion,
576 2440 694 2492 composuit
703 2439 789 2481 ensuite
803 2439 823 2481 la
832 2440 883 2493 sor-

113 2504 140 2546 de
151 2502 246 2551 Crevier,
257 2500 323 2555 cujus
332 2498 483 2549 auctoritate,
511 2499 577 2542 milla
586 2498 734 2554 cognitionis,
742 2498 835 2542 formule
844 2503 882 2555 qui

112 2558 485 2617 n'estpasnecessaircetnelerait
512 2561 619 2615 ineliquait
638 2573 666 2604 au
682 2561 735 2616 juge
754 2560 774 2604 lc
793 2562 853 2615 point
870 2563 882 2604 i

112 2637 151 2680 pas
158 2625 201 2667 hon
211 2624 263 2666 eliet
272 2636 324 2665 avec
334 2623 365 2665 les
375 2627 431 2664 mols
439 2622 486 2663 sui·
511 2622 612 2665 delairoir
625 2629 646 2665 et
662 2635 700 2665 sur
718 2622 790 2678 lequel
810 2622 882 2665 devait

112 2693 182 2736 vanu,
194 2685 261 2729 cedia
271 2686 343 2739 fuisse
357 2686 482 2727 auctorem.
511 2688 585 2736 porter
593 2681 771 2737 tajugement.ce
780 2684 818 2737 qui
828 2685 880 2733 suit,

112 2772 138 2780 -
157 2749 177 2791 l.
201 2746 313 2791 Formula
335 2744 482 2802 cognitionis,
510 2747 545 2792 at,
565 2745 619 2785 uter
644 2744 775 2787 timuerit...
796 2745 881 2799 cepisse

111 2816 181 2852 termo
196 2810 226 2851 du
242 2809 322 2859 lotum,
335 2809 364 2851 du
381 2808 482 2849 ltarreau.
506 2805 642 2858 judicetur,
660 2807 773 2861 reprodult
790 2806 811 2849 le
832 2813 882 2850 tour

111 2871 186 2922 Quand
205 2872 236 2914 les
253 2871 334 2926 parties
352 2882 376 2912 se
394 2870 484 2924 prdsen·
510 2868 576 2924 qu'on
590 2866 679 2910 donnait
692 2868 704 2910 d
717 2880 754 2911 ces
766 2867 880 2914 formules.
