1904 3216
85 217 116 265 66
389 213 548 266 ORATIONES

448 347 487 397 Lll

117 469 174 532 Cap.
194 468 234 518 59.
253 468 329 521 Verbo
341 469 421 521 Sextii
431 474 456 518 et
467 470 568 530 Licinii,
580 470 734 520 loibunorum
741 469 825 535 plebio

231 541 267 588 ud
278 541 401 604 Populum
416 540 468 602 (587
484 541 522 597 R.‚
536 541 581 588 565
592 555 629 589 av.
644 540 714 603 te.)

109 642 129 678 c.
138 642 224 679 Licinius
233 643 284 679 stolo
293 646 313 679 et
328 644 348 680 L.
358 642 434 680 sextius
443 648 484 680 tres
498 644 670 692 promulgaverant
686 644 753 690 leges:
763 651 822 680 unam
831 642 857 682 de

87 695 126 723 ere
141 688 217 726 aisono:
227 689 306 736 aiteram
320 687 345 724 de
358 689 416 724 modo
424 698 529 733 agrorum:
540 689 625 731 tertiam,
633 692 655 724 ut
662 687 857 736 eousuiemeiterum
869 727 871 732 .

87 741 111 768 ox
121 731 176 776 plebe
190 740 253 766 oreon
269 740 348 781 neeesse
357 735 422 768 esset:
432 742 481 779 quus
489 735 585 770 adversus
600 733 654 778 leaeo
662 741 739 770 sumnia
753 741 772 767 u
789 732 856 768 Patres

89 774 210 820 pugnabunt:
222 785 244 812 ea
253 780 353 813 eontentio
362 775 382 812 in
396 785 466 813 nonum
473 777 513 822 jorn
522 786 592 814 annum
602 778 702 823 pertracta
709 778 758 812 erat.
769 775 796 811 iix
820 786 855 813 ro·

88 821 180 869 metuetis
189 822 252 855 tomen
262 819 300 856 ulia
317 820 359 856 atris
367 820 452 865 gratiora
466 824 522 871 erant
532 819 584 869 pteoi
592 834 597 856 ι
605 820 630 871 de
639 819 714 858 ioeuore
731 819 781 856 enim
795 828 806 855 e
831 820 856 858 de

87 862 856 956 iteretit³tzite¹²rtittrtiterritarett‘itsiiirtttrsit

89 953 155 1004 plebes
166 951 230 996 vellet,
240 936 312 1005 negant
321 951 358 990 sibi
365 961 417 1000 opus
426 963 470 991 esse
479 935 592 991 continuato
598 953 678 997 honore,
687 952 726 990 nisi
736 955 790 999 teges
800 953 855 1000 ipso·

88 1005 132 1034 rum
141 1000 222 1042 miegiae
230 1000 358 1044 accipiantur.

114 1073 154 1118 Les
166 1075 252 1118 trihuns
261 1080 310 1118 sont
326 1075 359 1117 ios
375 1075 402 1119 de
420 1087 524 1131 proposer
539 1076 579 1120 des
589 1075 631 1118 lois
639 1074 769 1130 repoossess
777 1074 857 1130 depuis

88 1137 143 1179 noui
149 1149 195 1179 ans.
209 1135 227 1178 ΙΙ
237 1137 271 1192 n'y
288 1149 300 1179 e
311 1137 360 1192 plus
375 1137 506 1181 d'obstnoies
515 1137 636 1181 desormeis
645 1149 690 1193 quo
699 1138 720 1180 la
730 1137 816 1181 volente
825 1138 857 1182 du

88 1198 174 1253 peuple.
184 1198 207 1241 Si
215 1199 271 1242 dono
280 1197 296 1241 il
306 1199 394 1254 songoe
404 1210 440 1242 ses
449 1198 542 1242 interets
551 1211 603 1243 saus
611 1211 691 1255 penset
699 1200 713 1242 i
722 1211 776 1242 ceux
786 1199 856 1243 deses

88 1263 223 1316 detonuere,
233 1264 287 1319 qu'il
303 1276 331 1307 en
347 1265 440 1307 eherehe
454 1264 557 1307 d'nutres.
575 1263 613 1306 S'il
627 1270 680 1308 veut
693 1275 810 1308 conserver
819 1276 856 1308 ses

89 1326 182 1377 tribues,
192 1338 235 1381 que
245 1331 318 1370 tontes
327 1328 388 1370 leurs
396 1327 439 1369 lois
448 1326 518 1370 soient
528 1331 654 1370 seutenues.

119 1424 214 1473 Nonum
223 1439 249 1474 se
261 1439 354 1474 annum
362 1425 414 1487 jam
426 1425 527 1474 velutin
537 1423 716 1474 oeieadversus
725 1424 856 1486 optimates

88 1495 195 1543 maximo
212 1496 327 1557 privatim
344 1496 464 1559 periculo,
485 1495 553 1546 nullo
567 1495 666 1557 publice
677 1496 854 1555 emolumento,

88 1571 168 1614 stare:
179 1567 337 1616 consenuisse
344 1567 395 1627 jam
405 1580 488 1616 secum
501 1576 525 1615 et
532 1565 670 1628 rogationes
686 1567 856 1628 promulgatas

88 1642 113 1684 et
132 1635 182 1684 vim
204 1649 302 1685 omnem
318 1636 456 1687 tribunitiae
478 1636 617 1700 potestatis.
638 1636 720 1685 Primo
738 1635 857 1686 interces-

89 1706 157 1754 sione
166 1705 317 1767 collegarum
324 1707 331 1770 (
338 1707 357 1770 l)
370 1707 395 1755 in
403 1707 470 1768 leges
479 1721 535 1756 sues
543 1711 679 1768 pugnatum
689 1720 743 1756 esse
753 1705 856 1763 ;deiude

88 1776 241 1837 ablegatione
256 1776 394 1839 juventutis
409 1779 438 1824 ad
454 1776 602 1827 Veliternum
622 1774 656 1837 rit
668 1775 761 1824 bellum
776 1791 783 1834 ;
801 1789 857 1839 pes·

89 1853 168 1895 tremo
195 1847 353 1896 dictatorium
369 1847 464 1896 fulmen
485 1848 510 1896 in
530 1860 557 1896 se
568 1846 726 1895 intentatum.
738 1845 793 1894 iam
811 1861 857 1898 uec

89 1920 201 1982 collegas,
217 1933 261 1968 nec
274 1919 582 1976 beilum,needietatorem
593 1916 803 1979 obstare3ouippe
811 1919 856 1980 qui

87 1991 162 2040 etium
180 2003 251 2039 omen
268 1991 365 2051 plebeio
384 1988 488 2045 consuli,
499 1991 617 2050 magistro
624 1989 737 2050 equitum
744 2002 772 2036 ex
785 1989 857 2051 plebe

88 2066 201 2121 dicendo,
215 2066 325 2114 dederit:
341 2079 368 2114 se
383 2065 462 2126 ipsam
476 2064 572 2124 plebem
584 2068 609 2111 et
621 2062 748 2112 commoda
762 2061 856 2111 morari

88 2151 141 2185 suu.
167 2136 278 2184 Liberam
296 2136 384 2184 orbem
404 2148 431 2183 oe
452 2137 534 2183 iurum
550 2133 750 2192 acreditoribus‚
764 2132 857 2184 liberos

89 2221 159 2268 egros
170 2209 200 2254 ab
214 2206 312 2268 injustis
322 2204 506 2266 possessoribus
518 2205 648 2267 extemplo,
656 2203 677 2251 si
686 2202 753 2259 velit,
762 2203 857 2253 habere

89 2295 167 2343 posse.
184 2280 241 2336 Quae
262 2292 365 2327 munera
383 2279 482 2341 quando
506 2278 606 2326 tandem
618 2276 677 2327 satis
691 2287 761 2337 grato
772 2277 856 2327 animo

89 2353 261 2408 estimaturos
282 2350 305 2399 si
321 2349 387 2399 inter
397 2350 549 2412 accipiendos
563 2349 593 2398 de
607 2349 659 2398 suis
674 2347 857 2398 commodisro·

89 2423 207 2482 gotiones
223 2435 292 2480 soem
306 2420 407 2469 honoris
424 2420 543 2469 latoribus
556 2432 642 2469 eorum
657 2417 784 2468 incident?
805 2417 857 2467 n'on

87 2507 144 2542 esse
157 2492 282 2541 modestiae
299 2491 384 2554 populi
402 2491 514 2543 Romani,
528 2491 552 2538 id
565 2490 700 2552 postulare,
711 2496 737 2538 ut
752 2488 804 2551 ipse
815 2489 858 2538 foe.

88 2577 150 2611 nore
164 2563 259 2611 leretur
271 2562 328 2610 etin
338 2575 427 2624 agrum
438 2559 530 2620 injurio
542 2573 705 2622 possessuma
717 2558 858 2621 potentibus

88 2634 237 2690 inducerem
263 2644 308 2694 per
326 2645 390 2695 quos
410 2644 439 2679 ea
454 2634 599 2678 consecutus
616 2629 658 2688 sit,
684 2643 754 2680 senes
775 2628 859 2680 tribu-

114 2761 157 2805 nli.
171 2764 192 2806 1.
209 2763 374 2805 Intercesstone
390 2761 458 2803 colle·
485 2766 532 2803 tout
547 2760 568 2803 le
585 2759 741 2816 college-2.
756 2759 857 2813 Velitras.

89 2837 178 2877 qurztm.
205 2825 350 2880 L'opposition
377 2824 458 2877 (imer-
485 2822 537 2866 viiie
548 2823 588 2866 des
601 2823 706 2880 Volsques
715 2823 770 2867 dtus
785 2823 807 2866 le
818 2823 860 2868 in·

89 2886 164 2938 rossio)
186 2884 236 2927 d'on
252 2884 300 2926 seul
313 2883 386 2926 tribon
399 2884 458 2925 suiti-
485 2885 549 2936 tium.
559 2897 638 2929 encore
654 2885 794 2940 enjourd'hui
809 2883 858 2943 70¹?

80 2950 122 2986 sit
134 2959 194 2999 pour
204 2946 320 3003 prroiyser
334 2945 421 2991 i'uetiou
431 2945 458 2992 de
487 2945 550 2991 tetri.
