1904 3216
284 169 320 217 EX
338 167 430 218 ccclii
444 165 679 223 stertentem&
819 169 867 223 505

97 284 135 335 ria
147 283 279 347 pulchrum
291 297 320 333 ac
334 283 453 333 decorum
464 284 490 332 in
499 284 607 333 frontem
615 284 647 346 (i)
657 282 867 349 3imiugientibus

96 355 315 419 periculosissima,
324 353 456 415 quaehodie
463 353 630 415 prosperrima
638 360 704 403 sunt.
710 355 867 418 nequeenim

96 427 168 475 uobis
176 433 217 474 aut
223 426 333 474 locorum
340 424 527 480 cadomnotitia‚
537 430 580 472 aut
586 431 769 477 commeatuum
778 425 866 478 cadem

96 497 259 553 abundantia;
273 496 315 544 sed
331 509 419 543 manus
431 501 455 543 et
465 508 539 550 arma.
552 501 577 543 et
589 494 615 542 in
629 496 669 543 his
688 495 780 546 omnia.
796 497 867 554 Quod

94 568 126 615 ad
136 581 176 616 me
187 566 284 622 attinet.
292 565 344 627 Jam
357 564 454 627 pridem
466 563 529 612 mihi
545 564 673 613 decretum
685 564 866 630 emptaeque

93 638 216 688 exercitus
228 650 308 699 neque
317 635 387 685 ducis
396 641 465 696 terga
475 638 528 682 tuta
539 647 601 683 esse.
613 635 717 685 Proinde
728 640 753 685 et
761 637 866 688 honesta

93 720 162 757 mors
176 707 243 769 turpi
255 707 306 756 vita
317 705 413 769 potior;
429 711 454 754 et
470 705 629 754 incolumitas
640 718 669 754 ac
680 706 756 755 decus
778 707 865 757 eodem

93 778 148 828 ioco
159 778 207 827 sita
217 783 275 826 sunt
288 789 353 825 :nec
364 775 501 837 inglorium
511 775 597 833 suerit,
617 775 646 826 in
663 776 719 840 ipso
736 782 864 828 terrarum

93 853 227 900 acuatmae
242 849 291 898 tine
309 847 434 898 cecidisse.

124 919 151 969 si
162 933 230 970 norae
245 924 330 981 gentes
339 926 412 982 atque
420 918 505 981 ignota
516 917 582 969 acies
588 917 750 977 constitisset.
755 919 863 972 aliorum

92 990 247 1042 exercituum
258 989 375 1053 exemptis
386 1001 428 1038 ros
445 989 560 1039 hortarer
572 1005 579 1035 ε
589 1002 657 1039 nunc
671 996 753 1040 vestra
771 991 864 1043 decora

92 1066 225 1116 recensete,
238 1066 332 1110 vestros
343 1059 426 1109 ocutos
437 1059 597 1120 interrogate.
610 1059 632 1108 ii
642 1065 702 1109 suut
714 1073 785 1123 quos,
802 1073 863 1124 pro·

93 1130 232 1180 rimoauno
239 1128 599 1192 unamlegionemfnrtonoctis
606 1141 745 1192 aggressos,
753 1130 861 1181 clamore

92 1199 230 1248 debellastis
238 1213 245 1255 ς
253 1198 280 1247 hi
292 1206 431 1248 ceterorum
436 1197 614 1248 Britannorum
622 1198 862 1259 tugacissimiideo·

92 1281 140 1331 que
152 1267 253 1317 tamdiu
264 1267 419 1329 superstites.
432 1266 558 1322 Quomodo
566 1266 641 1317 siluas
652 1267 778 1329 saltusque
788 1280 861 1330 peno

91 1339 214 1388 nantibus
227 1336 393 1387 fortissimum
404 1336 521 1398 quodque
531 1335 623 1386 animal
633 1337 732 1394 robore,
743 1337 863 1399 pavidaet

91 1409 183 1458 mertia
196 1409 251 1470 ipso
262 1407 370 1470 agminis
380 1419 441 1458 sono
451 1408 581 1470 pelluntur
597 1422 604 1455 z
621 1406 658 1457 sic
671 1407 788 1457 acerrimi
805 1406 861 1460 Bri·

91 1478 276 1540 tannorumjam
285 1478 382 1540 pridem
389 1477 545 1534 ceciderunt3
557 1476 670 1541 reliqum
685 1483 723 1528 est
739 1492 862 1532 numerus

91 1549 235 1612 ignavorum
247 1555 272 1597 et
278 1548 455 1598 metuentium:
468 1549 604 1611 quosquod
613 1548 859 1609 tandeminvenistis.

90 1632 140 1668 non
154 1620 300 1669 restiterunt
310 1617 352 1679 (ὅ),
370 1618 414 1667 sed
425 1617 571 1681 deprehensi
581 1623 640 1667 sunt
649 1617 779 1668 novissimi
791 1620 861 1670 :ideo

90 1694 198 1739 extremo
210 1695 277 1739 metu
287 1701 391 1749 corpora
402 1689 508 1738 detinere
516 1687 543 1737 in
553 1688 594 1738 tris
602 1688 723 1750 vestigiis,
728 1688 756 1737 in
766 1689 861 1752 quihus

89 1761 218 1824 pulchram
226 1759 414 1822 etspectabilem
421 1759 551 1809 uictoriam
556 1759 662 1809 ederetis
671 1759 712 1821 (4).
720 1760 860 1824 Transigite

89 1844 146 1881 cum
166 1830 376 1894 expeditionibus,
395 1829 516 1894 imponite
535 1828 718 1893 quinquaginta
734 1832 806 1882 anuis
824 1831 858 1895 (5)

116 1962 184 2007 tvttt.
204 1963 224 2010 i.
243 1962 272 2007 lu
291 1964 401 2017 frontem.
420 1974 460 2019 op·
486 1959 569 2018 qudam
584 1960 671 2016 (c-i-d.
685 1963 713 2005 ct
727 1960 754 2005 in
767 1962 812 2018 hic)
815 1994 856 2007 .....

90 2024 327 2080 ροςόὰίιιρὶεηῑὲὺιω,
344 2041 355 2064 ι
373 2036 428 2080 pour
439 2026 459 2067 te
485 2021 592 2073 ederetis,
620 2022 703 2078 mepris
733 2036 802 2067 amer.
827 2023 857 2069 Ca

89 2085 146 2130 i'ront
160 2102 179 2137 ι,
194 2087 327 2129 c'est-idiro
338 2099 343 2128 :
355 2091 404 2129 tant
415 2098 458 2142 qne
485 2085 540 2128 n'est
555 2084 655 2140 qu'apres
674 2084 696 2129 lo
709 2085 776 2130 siecle
794 2086 858 2131 d'du·
938 2140 940 2145 Ι

88 2157 143 2189 rous
162 2153 277 2191 tourncrez
299 2148 320 2191 ic
342 2147 402 2191 iront
430 2146 459 2200 (ie
485 2150 548 2199 gusta
556 2145 648 2200 quei'on
658 2151 736 2189 trouva
748 2148 769 2190 ia
779 2148 858 2202 phrase

88 2207 147 2251 iront
162 2207 189 2251 de
208 2208 303 2251 l'armeot
319 2208 332 2250 d
347 2208 457 2252 Pennemi.
486 2205 679 2261 truoeipcrccum
687 2206 857 2263 aliquodvecia

89 2292 113 2302 -
126 2268 147 2312 Ξ.
160 2269 217 2314 iiiut
226 2270 344 2314 decretum
352 2272 395 2322 cat,
405 2270 459 2313 c'ost
485 2267 737 2323 significationgenernie
748 2286 758 2309 ι
769 2281 798 2312 en
806 2269 859 2315 onir

88 2342 123 2373 ma
142 2331 221 2386 pansee
241 2330 292 2374 bien
310 2329 401 2383 arretio,
422 2342 458 2375 ma
485 2340 571 2382 arec...,
583 2331 689 2374 terminer
701 2346 713 2371 ι
727 2343 733 2373 :
745 2331 858 2376 anterieu·

87 2394 215 2436 conviction.
241 2391 322 2448 Terqa.
349 2396 457 2436 cous-ent.
484 2397 569 2436 remum
580 2403 609 2436 on
623 2404 651 2435 ne
671 2391 692 2435 ia
711 2392 858 2451 metuitque

88 2467 162 2505 ocrea.
176 2454 196 2498 ia
209 2455 307 2498 retraite.
319 2452 413 2497 Salluste
426 2451 458 2496 dit
484 2452 558 2508 quand
571 2452 587 2496 ii
601 2453 707 2509 s'agissait
720 2453 785 2498 d'une
798 2460 859 2500 tran·

87 2517 107 2559 la
117 2516 189 2560 meme
198 2516 270 2559 chose.
282 2514 363 2566 cuttu,
374 2514 410 2557 ch·
421 2512 456 2558 58.
486 2514 577 2565 saction,
586 2512 638 2556 d'un
646 2513 731 2558 traitdd
744 2516 856 2560 conciure.

87 2576 115 2620 io
137 2578 198 2632 lupo
227 2574 329 2619 sulutem
352 2586 456 2630 sperare,
485 2573 553 2618 -dt
576 2573 753 2632 Quinqucpinta
778 2575 857 2628 αηηίι,

87 2649 159 2694 quem
177 2648 254 2689 orum,
266 2635 320 2693 quie
331 2647 415 2693 eorpus
426 2637 460 2680 te·
485 2635 858 2695 chiiirorondpourtribucetquo·

86 2698 161 2754 uitur,
170 2697 201 2742 ab
216 2698 319 2743 hortibus
331 2698 456 2748 cucrtcria.
484 2698 598 2756 dropiota
609 2699 686 2746 nonis.
701 2698 758 2746 C'oet
771 2701 814 2743 l'an
829 2699 858 2744 tt

86 2773 114 2803 ea
136 2771 190 2802 cero
207 2758 325 2803 dementia
339 2762 382 2802 cot.
393 2781 422 2793 -
434 2759 455 2804 5.
484 2771 528 2816 que
545 2760 626 2806 Glande
637 2762 663 2806 tit
680 2774 818 2816 commoneor
835 2761 857 2806 la

86 2822 134 2867 Nou
154 2821 308 2872 restiterunt:
328 2820 456 2865 traduiser:
484 2825 591 2880 conquete
604 2824 633 2868 de
655 2824 677 2869 ie
696 2824 810 2883 Brengnn
832 2827 857 2869 et

85 2896 110 2928 cc
120 2883 178 2928 o'eat
191 2894 237 2940 poe
248 2883 344 2940 qu’ils...
353 2902 383 2916 -
392 2883 415 2927 i.
428 2883 457 2928 in
483 2895 540 2930 nous
551 2885 668 2931 sommmi
680 2885 724 2930 i'an
730 2887 804 2939 81,oe
814 2883 861 2940 qui
