1904 3216
86 167 133 216 558
281 222 283 226 Α
391 166 552 217 brittoilus

87 282 200 345 patriam.
216 282 304 341 Nolite,
315 284 382 346 quod
398 283 466 346 pigri
488 281 604 345 agricolae
619 279 729 347 iaciunt,¹
747 285 867 330 maturos

87 353 184 402 fructus
196 366 242 415 per
256 353 372 403 inertiam
392 354 508 403 amittere
525 367 539 402 e
556 351 683 401 munibus.
699 349 791 413 llajora
803 359 868 400 sunt

86 422 314 486 periculisproemia
320 441 328 481 ;
339 423 409 473 dives
418 423 504 472 eadem
512 428 537 472 et
548 421 656 471 imbellis
670 427 709 471 est
720 420 802 482 regio.
814 420 867 471 lta·

87 506 135 554 que
149 506 200 542 non
218 498 269 542 tam
281 494 311 542 ad
330 493 437 556 gloriam
452 507 492 543 vos
510 492 584 549 duco,
602 505 676 554 quam
695 492 727 541 ad
740 491 866 554 praedam.

88 561 160 623 Digni
169 562 231 612 estis
240 564 284 626 qui
297 577 366 626 opes,
378 577 439 626 quas
451 562 516 613 illud
534 575 603 611 mare
618 560 744 610 littoribus
756 560 866 619 invehit,

87 632 236 682 releratisin
253 633 374 696 patriam;
390 633 459 695 digni
475 632 519 694 qui
536 631 598 681 nibil
616 631 785 693 inexpertum,
799 630 868 680 nihil

87 709 156 752 metu
167 703 287 753 omissum
300 703 456 765 relinquatis.
470 702 518 750 Per
529 714 576 763 ego
587 714 629 750 ros
640 699 800 763 gloriamque
810 715 868 750 ves·

40 779 43 785 ·
88 778 153 834 tram
164 787 214 836 qua
226 774 364 822 humanum
375 773 506 832 fastigium
522 770 650 827 exceditis,
665 783 762 833 perque
773 777 799 819 et
808 785 867 821 mea

88 843 178 902 invoa,
193 844 260 893 etin
276 856 316 892 me
329 850 411 893 restra
420 843 518 899 merita,
531 842 622 905 quibus
633 841 721 891 invicti
732 843 868 891 contendi·

88 928 153 970 mus,
170 928 213 964 oro
235 927 373 976 quaesoque
394 928 426 963 ne
440 914 608 963 humanarum
630 925 716 961 rerum
738 912 867 963 terminos

89 986 221 1035 adeuntem
231 986 359 1034 alumnum
378 983 621 1043 commilitonemque
636 987 756 1038 vestrum,
773 995 806 1031 ne
823 984 868 1032 di·

88 1069 143 1104 cam
154 1068 248 1117 regem,
263 1053 390 1103 deseratis.
402 1053 485 1103 Cetera
497 1052 567 1102 vobis
579 1052 713 1115 imperavi;
722 1052 771 1102 boc
781 1066 867 1105 unum

88 1125 218 1175 debiturus
230 1138 294 1173 sum.
315 1124 342 1173 llt
357 1124 379 1174 is
387 1137 429 1172 vos
441 1137 513 1185 rogo,
528 1123 572 1186 qui
585 1123 650 1172 nibil
666 1135 779 1184 unquam
792 1124 868 1173 vobis

88 1195 195 1257 praecepi
205 1195 267 1257 quin
277 1194 375 1257 primus
390 1207 430 1242 me
447 1194 565 1255 periculis
576 1193 721 1249 obtulerim,
736 1191 782 1255 qui
796 1206 867 1257 saepe

89 1265 167 1315 aciem
175 1264 256 1327 clipeo
266 1276 321 1312 meo
334 1263 396 1311 texi:
412 1277 445 1313 ne
460 1263 616 1325 infregeritis
630 1263 657 1311 in
669 1261 786 1312 manibus
799 1265 868 1313 meis

88 1337 195 1398 palmam
205 1335 247 1398 lb),
254 1347 304 1395 qua
313 1332 444 1383 Herculem
454 1333 617 1395 liberumque
625 1333 723 1385 Patrem
728 1331 760 1396 (si
768 1332 867 1384 invidia

89 1402 207 1465 abfuerit)
213 1402 325 1466 aequabo.
338 1402 449 1451 Dateboc
458 1403 574 1464 precibus
583 1403 655 1460 meis,
663 1408 688 1451 et
696 1402 795 1451 tandem
808 1405 867 1453 obs-

89 1473 196 1522 tinatum
203 1472 330 1522 silentium
336 1472 455 1534 rumpite.
464 1472 510 1520 llbi
519 1478 557 1521 est
564 1473 606 1520 ille
614 1472 716 1530 clamor,
727 1473 867 1523 clamitatis

89 1549 175 1593 restrae
186 1542 328 1591 indexlubi
344 1541 384 1590 ille
395 1555 507 1591 meorum
525 1543 681 1592 llacedonum
695 1543 797 1592 vultus?
808 1544 867 1594 Non

90 1626 194 1675 agnosco
202 1627 253 1669 ros,
265 1613 366 1669 milites,
381 1627 425 1661 nec
439 1614 539 1675 agnosci
551 1614 635 1662 videor
646 1627 659 1662 a
673 1612 757 1662 vobis:
773 1615 866 1664 surdas

86 1684 139 1745 jam
157 1684 251 1732 dudum
267 1697 340 1731 aures
360 1684 447 1744 pulso;
468 1697 565 1732 aversos
583 1683 680 1732 animos
697 1688 723 1732 et
737 1682 867 1736 'infractos

91 1754 197 1820 excitare
209 1767 295 1803 conor.

111 1867 215 1914 Quumque
225 1864 255 1903 illi
266 1864 365 1903 interram
376 1863 467 1903 demissis
478 1864 574 1913 capitibus
584 1869 650 1902 tacere
660 1868 828 1912 perseverarent:

120 1960 280 2022 liescioquid
289 1961 381 2025 inquit,
393 1962 469 2010 invos
480 1961 626 2023 imprudens
634 1961 736 2023 deliqui,
745 1962 812 2024 quod
824 1978 869 2014 me

62 2053 64 2056 ’
90 2045 122 2080 ne
133 2031 227 2079 intueri
240 2031 339 2093 quidem
348 2031 432 2080 vultis.
442 2031 470 2079 ln
477 2031 612 2080 solitudine
623 2031 686 2080 mihi
699 2030 786 2080 videor
794 2046 865 2084 esse:

91 2114 162 2149 nemo
177 2100 326 2163 respondet;
340 2114 413 2150 nemo
432 2101 519 2154 saltem
542 2107 624 2160 negat.
647 2100 711 2157 Quos
727 2100 867 2163 alloquor?

91 2170 153 2227 Quid
167 2178 250 2220 autem
260 2172 378 2234 postulo?
389 2179 496 2220 vestram
510 2172 616 2233 gloriam
624 2180 649 2221 et
665 2171 867 2233 magnitudinem

90 2241 251 2290 vindicamus.
260 2241 371 2291 llbisunt
381 2243 428 2299 illi,
444 2256 552 2304 quorum
571 2249 697 2292 certarnen
707 2243 791 2304 paullo
806 2252 867 2294 ante

90 2312 140 2361 vidi
146 2312 356 2369 contendentium,
368 2312 411 2374 qui
422 2312 581 2373 potissimum
593 2313 717 2362 vulnerati
726 2313 795 2373 regis
810 2327 868 2364 cor·

90 2397 137 2444 pus
154 2381 309 2444 exciperent?
320 2383 447 2440 Desertus,
461 2383 595 2432 destitutus
612 2396 676 2437 snm,
690 2381 805 2433 hostibus
816 2385 867 2435 de-

90 2451 166 2501 ditus.
185 2451 232 2500 Sed
246 2452 313 2501 solus
330 2465 428 2514 quoque
447 2452 485 2501 ire
508 2452 681 2516 perseverabo.
698 2451 807 2515 tlbjicite
824 2469 868 2506 mc

91 2591 162 2640 cirris,
181 2591 348 2634 sons-entendu.
362 2614 389 2622 -
401 2593 421 2636 5.
431 2593 462 2636 Ne
488 2605 579 2649 passage
599 2594 638 2637 des
658 2592 820 2639 Pbdniciennes
839 2597 868 2640 dc·

90 2652 237 2708 infregeritis
250 2652 276 2694 in
287 2652 395 2695 manibus
405 2654 462 2696 meis
488 2654 587 2711 Sdndque
605 2657 634 2710 (v.
647 2654 695 2708 636)
714 2656 753 2711 qui
769 2656 829 2700 oliae
847 2658 868 2700 ln

88 2715 202 2772 palmam.
220 2713 247 2757 bl.
271 2713 353 2756 bluuell
368 2715 411 2757 cite
431 2728 462 2757 un
489 2717 561 2759 meme
573 2718 661 2772 image:

466 2802 560 2840 exsultes
569 2802 616 2841 licet

266 2845 372 2893 Victorque
383 2845 452 2882 fratris
461 2846 523 2894 spolia
533 2843 605 2895 dejecti
614 2856 685 2896 gerat:

269 2889 379 2939 frangendo
388 2890 449 2938 pulmo
459 2895 496 2928 est
