1904 3216
275 190 312 237 lili
329 189 426 245 utlaii
445 188 541 237 uualll
557 184 611 237 ula.
630 186 671 235 lll.
699 190 710 198 ”
812 185 856 232 557

87 302 371 359 meninlervenit‚idem
385 303 501 351 futurum
512 301 644 350 discrimen
654 305 691 348 est
702 299 857 349 evadentium

87 378 114 424 in
126 383 228 423 terram.

118 446 165 492 Sed
175 446 256 493 omnia
269 443 314 492 istu
322 457 438 492 ramesse
446 444 577 504 fingamus.
585 443 705 490 Utrumne
713 456 755 489 vos
762 440 858 503 magni·

86 515 300 571 tudobellunrum,
310 513 481 562 anmultitudo
496 512 710 561 liostiumterret‘?
725 512 858 574 Quodper-

86 585 150 633 tinet
165 585 195 633 ad
210 585 360 646 elephantos,
370 597 479 646 praesens
491 585 611 632 habemus
627 583 806 646 exemplumtdl
815 599 821 629 :
831 583 858 631 in

86 669 144 703 suos
160 653 330 703 vehementius
346 667 421 715 quam
434 653 461 701 in
477 667 522 703 nos
540 653 717 708 incurrerunt;
728 659 779 700 tam
790 658 857 701 rasta

86 740 191 789 corpora
202 724 334 774 securibus
344 725 495 786 falcibusque
506 726 620 774 mutilata
629 731 695 773 sunt.
706 723 769 781 Quid
776 730 859 773 autem

86 797 201 854 interest.
213 795 315 846 totidem
334 797 386 844 sint
396 804 454 856 quot
468 796 545 844 Porus
555 796 649 851 lubuit,
662 809 692 844 an
701 795 750 844 tria
763 793 859 843 millia‘l

86 882 164 932 quum
176 881 227 918 uno
244 873 285 915 aut
302 866 379 915 allero
392 865 528 914 vulneratis
539 871 633 914 ceteros
648 864 674 912 in
686 864 773 924 lugam
784 862 857 912 decli-

87 935 857 997 narirideamusllleindepaucosquoqueincommoderegunt3

87 1014 236 1069 congregata
245 1019 305 1056 vero
318 1012 354 1054 tot
363 1005 441 1054 millia
455 1004 509 1066 ipsa
524 1018 551 1054 se
565 1005 669 1062 elidunt,
678 1004 722 1053 ubi
732 1017 778 1052 nec
790 1009 858 1053 stare

87 1092 132 1126 nec
144 1079 231 1138 lugere
243 1076 369 1138 potuerint
383 1075 506 1124 inhabiles
522 1082 645 1124 iustorum
658 1086 792 1137 corporum
802 1085 856 1122 mo-

87 1150 131 1198 les.
140 1147 260 1209 Equidem
269 1147 305 1196 sio
312 1147 430 1195 animalia
439 1147 488 1194 isla
495 1146 640 1209 contempsi,
649 1151 685 1204 ut,
699 1158 777 1207 quum
786 1143 860 1192 habe·

87 1233 151 1274 rem,
166 1219 218 1279 ipse
228 1231 277 1266 non
289 1219 456 1280 apposuerim,
469 1217 530 1266 satis
541 1230 642 1278 gnanus.
655 1217 711 1278 plus
721 1216 775 1265 suis
784 1228 859 1278 quam

87 1289 198 1339 hostibus
207 1287 311 1350 periculi
321 1288 425 1337 inferre.
431 1289 497 1336 -lt
503 1286 571 1336 enim
579 1287 691 1349 equitum
698 1286 859 1349 peditumque

87 1358 221 1408 multitudo
236 1369 278 1406 ros
298 1358 453 1407 commoret!
474 1356 535 1406 Cum
557 1356 643 1419 paucis
659 1356 729 1405 enim
747 1368 859 1419 pugnare

87 1430 154 1479 soliti
163 1428 233 1484 estis,
241 1433 339 1477 etnunc
353 1428 464 1490 primum
478 1426 630 1476 incondium
637 1426 795 1476 sustinebitis
802 1432 858 1475 tur·

86 1503 156 1552 baml
172 1502 249 1551 Testis
271 1502 389 1550 adversus
406 1500 593 1550 multitudinem
604 1500 689 1550 invicti
703 1499 859 1559 Macedonum

87 1574 185 1624 roboris
193 1573 312 1622 Granicus
319 1573 408 1628 amnis,
417 1580 442 1622 et
450 1572 534 1622 Cilicia
548 1572 666 1621 inundata
674 1584 763 1620 cruore
775 1571 859 1620 Persa·

87 1659 154 1701 rum,
162 1650 187 1693 et
197 1645 283 1693 ,li-bela
292 1643 334 1706 (l).
344 1644 416 1704 cuius
427 1643 509 1706 campi
521 1643 675 1693 deuictorum
690 1657 704 1690 a
714 1641 786 1691 nobis
796 1640 859 1690 ossi-

86 1716 134 1765 bus
142 1714 212 1764 slrati
227 1720 294 1763 sunt.
305 1716 365 1764 Sero
374 1713 486 1762 hostium
498 1713 610 1775 legiones
626 1725 761 1762 numerare
772 1711 859 1773 ooepis·
929 1714 932 1719 '

87 1786 129 1840 tis.
152 1792 283 1847 postquam
306 1783 466 1834 solitudinem
488 1784 514 1832 in
528 1783 584 1833 alsia
609 1782 729 1831 vincendo
752 1780 856 1831 lecistis.

88 1856 169 1913 Quum
182 1869 225 1916 per
240 1855 423 1914 Hellespontum
430 1854 612 1913 navigaremus.
621 1852 652 1901 de
665 1850 787 1912 paucitate
799 1863 858 1900 nos·

87 1931 126 1973 tra
138 1923 298 1984 cogitandum
309 1921 374 1970 tuit:
385 1935 452 1969 nunc
467 1935 512 1969 nos
525 1921 621 1982 Scythae
634 1924 786 1981 sequuntur,
799 1917 859 1967 Rao-
902 1966 905 1971 ,

87 1995 168 2043 triana
182 1994 274 2042 auxilia
285 1999 375 2054 praesto
387 1999 453 2049 sunt,
465 1991 541 2039 Dahae
554 1991 719 2054 Sogdianique
731 1990 799 2039 inter
814 2003 860 2039 nos

88 2067 205 2117 militant.
614 2090 618 2101 ·

120 2139 168 2187 llec
183 2145 264 2187 tamen
277 2135 315 2185 illi
331 2134 413 2183 turbae
424 2131 527 2182 conlido.
543 2132 641 2182 Vestras
652 2144 741 2180 luanus
751 2131 859 2186 intueor,

88 2215 196 2259 vestram
203 2209 322 2257 virtutem
328 2217 424 2261 rerum,
432 2217 494 2264 quas
502 2208 619 2263 gesturus
629 2216 695 2257 sum,
705 2201 790 2250 vadem
798 2214 860 2263 prae·

88 2279 194 2341 demque
207 2276 292 2325 habeo.
315 2275 394 2333 Quam
413 2273 458 2323 diu
471 2273 600 2322 uobiscum
615 2273 641 2320 in
654 2273 707 2322 acie
720 2274 799 2329 stabo,
814 2285 861 2322 neo

89 2355 138 2403 mei
148 2367 193 2402 nec
203 2351 313 2401 hostium
321 2347 444 2399 exercitus
451 2360 570 2397 numero:
581 2361 624 2396 vos
631 2348 702 2396 modo
711 2347 861 2396 animosmi·

88 2425 115 2473 hi
127 2426 213 2485 plenos
224 2419 359 2470 alacritatis
372 2432 400 2468 ac
414 2417 512 2466 liduciae
527 2417 651 2467 adhibete.
667 2417 719 2466 Non
734 2417 760 2465 in
773 2416 861 2466 limine

88 2507 193 2556 operum
202 2492 365 2552 laborumque
374 2494 525 2544 nostrorum,
532 2489 576 2537 sed
584 2488 609 2537 in
616 2487 685 2536 exitu
690 2494 796 2536 stamus:
805 2499 862 2548 per·

89 2564 202 2612 verrimus
211 2563 241 2611 ad
248 2561 309 2611 solis
319 2568 403 2611 ortum
416 2564 442 2608 et
458 2559 592 2618 Oceanum,
602 2559 649 2608 nisi
658 2558 739 2607 obstat
746 2556 859 2620 ignaria:

91 2634 149 2682 inde
163 2633 279 2689 victores,
294 2630 433 2694 perdomito
445 2629 495 2679 line
514 2637 649 2688 terrarum.
666 2634 823 2678 revertemur
834 2626 862 2677 in

91 2772 157 2827 gler).
173 2771 313 2826 comprimar.
324 2792 351 2801 -
359 2769 380 2812 3.
400 2769 462 2812 rra-
490 2780 537 2825 voy.
547 2767 569 2812 la
578 2767 693 2811 Narration
702 2765 746 2818 xll,
756 2779 779 2822 p.
787 2762 862 2810 Μ.

91 2829 463 2888 ambubemaaexemplum,daus
489 2854 516 2863 —
533 2831 555 2875 l.
572 2828 657 2874 Arbela
677 2836 711 2872 est
735 2839 766 2872 un
780 2826 861 2880 pluriel

92 2895 112 2939 la
123 2891 211 2936 bataillo
220 2897 296 2936 eontra
305 2890 327 2934 le
337 2891 370 2932 roi
380 2889 462 2944 Porus3
490 2896 567 2932 neutro
580 2901 586 2938 ς
604 2887 671 2942 cujus
689 2898 713 2930 sa
728 2894 835 2938 rapportc
850 2883 867 2923 l
