1904 3216
296 149 332 220 nx
348 171 416 220 nvn
434 170 519 221 rinno
536 168 645 221 rarru.
810 167 859 221 ars

86 287 135 343 nis,
143 285 258 349 ignorare
269 299 379 335 cernam.
389 285 540 348 Lysimachia
556 286 663 334 tenenda
671 290 733 355 erat,
742 298 774 334 ne
784 287 859 338 Cher·

85 369 202 406 sonesum
212 354 377 413 intraremus3
390 361 433 403 aut
443 354 472 403 ad
479 354 664 417 Hellespontum
676 355 855 415 obsistendum,

86 440 120 475 ne
132 426 159 475 in
169 426 249 475 Asiam
264 425 471 489 trajiceremus,si
481 439 566 488 pacem
577 433 697 488 tanquam
706 426 736 476 ab
745 427 860 477 sollicitis

87 506 119 555 de
133 505 192 555 belli
206 511 296 554 eventu
313 504 415 565 petituri
432 504 517 553 eratis.
528 503 645 553 concesso
661 507 759 554 veroin
776 506 859 554 Asiam

87 575 203 632 transitu,
213 582 237 622 et
245 588 295 623 non
309 574 389 623 solum
397 573 483 627 irenis.
493 573 537 622 sed
548 573 625 622 ctiam
631 572 694 636 jugo
702 582 803 637 accepto
813 574 857 639 (l),

87 656 144 709 quae
158 644 304 706 disceptatio
322 657 350 692 er
368 656 448 705 aequo,
466 655 544 705 quum
561 642 698 706 imperium
716 645 859 707 potiendum

87 717 129 771 sit,
139 714 225 763 relicta
236 713 290 764 cstl
306 714 355 776 Ego
366 727 395 762 ex
409 712 579 762 munificentia
587 712 657 776 regia
667 713 803 764 maximum
812 715 860 766 do·

88 799 151 836 num
165 785 246 833 lilium
255 785 363 842 lrabebo;
376 784 440 843 aliis,
456 784 516 833 deos
527 796 627 846 precor,
639 797 671 833 nc
685 785 858 848 unquamior-

89 863 149 906 tuna
161 862 231 918 egeat
246 868 320 905 mea:
334 855 432 903 animus
447 861 516 903 certe
531 868 579 902 non
593 855 740 915 egebitPro
749 861 818 906 tanto
832 858 859 907 in

89 939 130 976 mc
142 939 245 975 munere
263 932 362 988 gratum
379 938 418 972 me
435 937 488 972 esse
505 923 532 971 in
549 937 575 972 sc
589 925 686 982 sentiet,
697 928 718 975 si
735 927 859 990 privatam

89 997 195 1060 gratiam
211 1009 257 1058 pro
277 995 374 1058 privato
387 993 508 1042 beneflcio
522 993 686 1055 desiderium
704 998 803 1059 publice
815 1013 861 1050 nec
927 1003 930 1009 '

89 1068 185 1118 habebo
195 1066 330 1128 quidquam
342 1065 372 1113 ab
389 1063 440 1115 illo.
455 1077 501 1112 nec
513 1062 584 1114 dubo.
600 1065 668 1120 Quod
687 1067 713 1115 in
729 1070 859 1130 praesentia

90 1139 149 1188 dare
158 1136 261 1199 possim,
276 1134 349 1183 tidele
362 1133 492 1183 consilium
503 1139 549 1181 est.
562 1133 613 1191 lbi,
625 1137 713 1186 nuntia
727 1139 789 1188 meis
803 1154 861 1190 rer-

90 1209 129 1259 bis
140 1224 146 1257 :
159 1207 225 1256 Bello
237 1205 349 1260 absistat:
361 1204 426 1267 pacis
438 1203 606 1254 conditionem
615 1207 711 1256 nullam
720 1218 828 1260 recuset.

428 1373 526 1424 cinxit

93 1504 151 1568 Gap.
167 1500 208 1552 tt.
234 1498 320 1553 Oratio
346 1496 466 1548 chcridic
490 1512 589 1561 pacem
613 1497 729 1548 Antiocho
749 1513 859 1560 nomene,

315 1584 332 1618 a
349 1571 465 1617 Romame
478 1566 642 1630 postulantis.

115 1677 220 1716 Antiochus
229 1673 302 1722 ingenti
311 1672 380 1721 proelio
394 1670 465 1722 victus,
474 1670 549 1721 legatos
557 1670 660 1722 zairridcm
670 1676 690 1710 et
702 1673 823 1722 Antipatrum
832 1683 857 1712 an

93 1725 188 1762 nominos
199 1721 223 1759 de
236 1728 284 1767 paca
297 1717 365 1767 mittit„
378 1716 461 1753 Praehrto
475 1715 619 1765 irs-patentibus
632 1716 730 1765 frequenti
741 1719 821 1756 concilio
834 1719 859 1758 ud

93 1769 182 1807 minuma
192 1765 272 1805 edendo.
282 1762 351 1800 Zeuxis
361 1765 387 1797 ita
401 1760 460 1798 rerba
470 1759 516 1799 lecit
526 1769 531 1798 :

125 1873 178 1924 llon
189 1881 248 1927 tam,
262 1868 321 1933 quid
333 1868 379 1929 ipsi
389 1866 509 1921 dicamus,
523 1866 652 1924 habemus,
664 1882 738 1931 quam
748 1877 777 1918 nt
793 1883 859 1919 aro·

93 1945 134 1996 bis
151 1955 301 2007 quaeamus,
315 1937 426 1995 Romani,
442 1950 491 1999 quo
510 1936 606 1996 piaculo
626 1939 725 2000 expiare
747 1953 859 1989 errorem

93 2014 170 2076 regis,
178 2008 415 2074 pacemreniamque
423 2005 720 2065 impetrarearictoribns
729 2009 858 2069 possimus.

93 2085 198 2136 llaximo
212 2095 308 2144 semper
323 2079 407 2128 auimo
424 2075 492 2125 victis
507 2076 609 2139 regibus
624 2077 770 2140 populisque
787 2080 860 2141 igno-

94 2157 181 2207 ristis:
198 2159 289 2218 quanto
306 2152 330 2200 id
343 2148 438 2211 maJ'ore
456 2153 480 2195 et
492 2147 627 2210 placatiore
643 2150 725 2198 animo
739 2151 809 2199 decet
819 2165 860 2201 ros

94 2231 177 2278 lacere
193 2227 218 2275 in
233 2226 277 2274 trac
291 2221 401 2277 victoria,
414 2232 469 2281 quae
479 2232 520 2268 ros
529 2218 640 2268 dominos
651 2221 720 2269 orbis
734 2231 860 2272 terrarum

94 2298 167 2347 iecit!
183 2296 272 2345 Positis
285 2295 336 2353 jam
350 2292 469 2340 adversus
481 2303 567 2338 omnes
581 2291 698 2339 mortales
713 2293 860 2340 certamini-

94 2370 150 2426 bus,
162 2367 229 2416 houd
241 2378 312 2415 secus
325 2375 400 2426 qnam
408 2361 467 2409 deos
480 2361 607 2410 consulere
621 2367 646 2409 et
656 2374 756 2423 parcere
767 2376 808 2412 ros
820 2377 861 2425 qe-

95 2440 151 2489 neri
164 2439 274 2488 humano
288 2439 394 2497 oportet.

123 2581 214 2625 CLXXII.
230 2582 249 2623 l.
267 2579 315 2622 Non
330 2577 404 2620 solum
419 2575 466 2628 sre-
494 2580 531 2621 νῦν,
546 2579 596 2615 altu
607 2584 639 2616 acl
648 2583 680 2617 cir
690 2581 794 2627 ἀναβάτην.
806 2577 861 2621 C'est

98 2645 147 2695 nis,
157 2643 197 2686 aed
211 2643 282 2685 etiam
294 2643 352 2695 juqo
365 2640 466 2692 accepto.
493 2647 537 2677 une
547 2635 640 2678 allusion
649 2637 661 2679 i
671 2637 791 2682 l'ancicnne
802 2639 860 2683 iahle

99 2705 177 2761 Polybo
191 2711 213 2747 ct
227 2703 344 2757 Plutcrque
358 2701 404 2743 tout
419 2700 466 2743 diro
493 2699 522 2740 clu
536 2698 610 2741 clreral
626 2705 648 2741 et
660 2699 747 2743 duceri
757 2701 792 2755 (La
806 2700 862 2744 Fon-

99 2768 110 2809 i
123 2767 224 2823 Scipion:
236 2778 281 2808 non
293 2765 367 2807 solum
379 2763 466 2817 frenis,
493 2760 860 2817 taine,lll,l.13l‚qucStosichorc

100 2829 138 2872 sed
155 2829 227 2872 etiam
244 2840 330 2870 sessurus
347 2829 440 2882 accepto
459 2837 468 2872 .·
493 2825 549 2866 ornit
562 2823 669 2878 imagines
685 2836 741 2880 pour
753 2824 785 2868 les
800 2824 862 2868 hubi·

101 2891 249 2947 ιροσδιὶάμινος
259 2898 280 2932 οὐ
295 2896 350 2943 μόνον
366 2897 397 2932 ccc
407 2895 466 2945 χιλι-
494 2894 550 2931 tnuts
560 2885 681 2931 ‹l'lluuera-
