1904 3216
332 211 368 260 EX
384 211 454 262 ullu
469 211 557 262 tluno
573 211 617 263 111.
834 214 863 262 15

110 328 158 367 lude
166 329 192 368 uti
201 328 348 369 multitudinem
358 325 445 367 oratioue
452 336 522 366 versu:

118 429 144 479 Si
152 443 195 479 vos
203 429 285 488 urbis,
294 429 412 487 Quirites,
419 430 440 479 si
447 427 524 478 vestri
535 428 602 476 nulla
609 440 670 476 cura
682 426 771 490 tangit,
785 433 810 476 at
819 442 863 477 ros

88 500 210 549 veremini
224 499 284 549 deos
295 506 392 550 vestros
400 501 432 550 ab
444 500 557 549 hostibus
571 504 663 559 coptos.
673 496 789 560 luppiter
798 499 862 561 opti·

88 584 145 619 mus
158 569 293 627 maximus,
307 569 371 619 luno
386 570 473 632 regina
484 573 509 617 et
520 568 627 617 llinerru
644 567 678 632 (l)
693 566 735 615 ulii
747 567 784 615 dii
799 567 863 617 deoe-

89 659 139 708 que
147 644 309 702 obsidentium
322 651 404 694 costra
416 657 547 694 serrorum
557 642 670 705 publicos
679 647 776 691 vestros
786 642 863 690 Pene-

89 720 129 762 tes
147 720 242 764 teuent.
267 715 324 763 llaeo
343 714 413 764 vobis
431 715 510 762 torma
531 725 597 762 suuae
617 711 725 762 civitatis
744 712 862 762 videtur?

88 783 193 832 lantum
202 784 313 833 hostium
324 785 464 834 nonsolum
477 784 544 833 intra
557 797 642 832 muros
651 787 697 840 est,
710 783 754 832 sed
767 782 862 832 inance

88 867 164 916 supra
176 853 262 903 lorum
277 854 442 917 curiamque:
456 853 558 903 comitia
570 852 671 901 interim
680 852 708 901 in
717 853 771 902 loro
783 860 841 902 sunt
854 869 861 909 ς

88 930 189 974 senatus
196 925 224 973 in
235 923 307 973 ouria
317 931 372 981 este
385 925 454 974 uelut
465 937 543 986 quum
553 923 632 972 otium
640 928 750 985 superat,
762 930 862 973 senator

87 995 239 1044 senteutiam
259 994 334 1043 dicit:
351 994 395 1044 alii
409 995 518 1049 Quirites
528 994 678 1057 suffragium
693 993 787 1042 ineunt.
809 994 861 1043 Non

87 1065 212 1128 quidquid
224 1065 328 1115 Petrum
338 1066 469 1128 plebisque
476 1070 522 1122 est,
533 1064 656 1121 consules.
667 1064 792 1122 tribunos,
803 1064 861 1114 deos

85 1137 251 1198 hominesque
267 1148 353 1186 omnes
368 1141 477 1185 armatos
494 1149 567 1197 opem
580 1135 655 1191 serre,
673 1135 700 1183 in
716 1135 862 1197 Capitolium

86 1219 201 1263 uurere,
209 1205 320 1255 liberare
326 1219 356 1255 uo
366 1219 456 1268 pauore
470 1204 674 1264 augustissimam
682 1204 751 1253 illam
760 1205 862 1254 domum

85 1275 155 1325 loris
164 1275 255 1338 optimi
269 1277 369 1325 maximi
379 1276 482 1326 decuit?
497 1277 599 1326 Romule
613 1283 694 1338 pater,
710 1283 738 1325 tu
752 1282 862 1326 mentem

86 1351 166 1404 tuum,
177 1358 228 1408 qua
243 1346 368 1407 quondum
385 1360 468 1396 urcem
480 1347 511 1396 ab
524 1346 566 1394 his
583 1345 672 1394 iisdem
688 1345 784 1394 Sabinis
800 1360 861 1396 auro

86 1422 183 1477 mptum
194 1415 321 1477 recepisti,
337 1416 367 1464 da
379 1417 452 1480 stirpi
463 1414 598 1476 tuae3jube
611 1415 676 1464 huno
687 1414 785 1476 ingredi
798 1415 861 1464 riam

87 1498 163 1546 quam
179 1491 210 1534 tu
224 1484 282 1542 (lux,
297 1499 372 1547 quum
387 1492 446 1536 tuus
464 1487 593 1548 ingressus
608 1486 733 1535 exercitus
745 1489 791 1534 est.
807 1485 861 1534 Pri·

87 1569 144 1606 mus
157 1570 190 1606 en
202 1569 249 1618 ego
262 1558 357 1612 ooosul.
371 1564 492 1619 quantum
503 1557 697 1606 mortalisdeum
708 1571 819 1620 possum,
836 1563 862 1607 te

90 1638 118 1674 ue
132 1629 178 1674 tua
191 1625 297 1686 vestigia
312 1640 410 1688 sequor.

110 1734 206 1773 ultimum
215 1734 308 1772 muttonis
318 1734 356 1773 luit

117 1823 148 1872 Se
159 1837 231 1872 orma
244 1837 342 1886 cupere,
357 1838 446 1874 vocare
461 1839 547 1875 omnes
563 1826 672 1882 Quirites
690 1826 721 1875 ad
736 1839 814 1875 arma.
836 1825 861 1874 Si

90 1895 144 1956 quis
154 1893 285 1957 impediat,
292 1893 346 1956 jem
357 1909 383 1944 se
396 1896 534 1945 consularis
545 1897 654 1959 imperii,
662 1896 861 1956 iamtribunitiae

90 1966 217 2027 potestatis
233 1974 437 2028 sacratarumque
461 1968 544 2029 legum
565 1968 666 2017 oblitum
686 1968 729 2030 (l),
747 1968 862 2029 quisquis

91 2036 131 2085 ille
147 2037 189 2094 sit,
206 2035 359 2098 ubicumque
371 2037 412 2090 sit.
430 2037 457 2086 in
475 2039 603 2101 Capitolio,
620 2040 645 2087 iu
656 2039 719 2096 loro,
734 2053 780 2100 pro
791 2038 862 2086 hoste

91 2106 244 2156 habiturum.
258 2104 379 2156 luberent
391 2108 498 2168 tribuni,
513 2111 632 2172 quoniam
645 2110 671 2158 in
684 2111 789 2172 Appium
802 2110 861 2157 Her-

115 2239 165 2284 ΚΝ.
176 2241 197 2284 l.
214 2236 463 2295 Iuppiter,1uno,ffi·
489 2240 862 2297 rumquolepumoblilum.Purces

92 2314 162 2345 rimu
171 2301 237 2345 :o'ost
245 2303 357 2345 lcestrois
362 2301 463 2345 divinitis
490 2310 553 2354 mols,
564 2303 660 2346 Valerius
671 2302 757 2346 declaro
776 2304 862 2347 vouloir

92 2376 132 2419 que
142 2365 164 2406 lo
172 2363 255 2418 templu
265 2364 295 2407 du
304 2363 400 2418 Capitole
412 2364 464 2407 eluit
490 2367 537 2418 agir
552 2378 580 2407 en
591 2365 727 2408 dietatem.-
739 2366 760 2409 le
770 2369 861 2421 pouvoir

92 2425 199 2468 tousscre.
210 2425 299 2482 [lepino
314 2427 368 2468 n'est
382 2426 411 2467 iol
420 2439 463 2482 que
490 2425 611 2468 dicuioriul
627 2427 752 2479 suspenduit
768 2429 824 2470 celui
834 2429 861 2472 do

91 2488 200 2544 l'epimete
221 2487 324 2542 globulo
348 2486 464 2543 uppliquee
491 2494 539 2530 tous
564 2489 596 2531 les
612 2490 735 2538 mouistruts
751 2497 773 2532 et
791 2493 860 2533 miore

92 2551 181 2594 lluuon
198 2562 205 2591 t
223 2550 244 2593 lu
262 2549 338 2593 deesse
356 2550 386 2593 du
404 2556 464 2592 mont
491 2550 859 2606 l'uppelnupouplotprovocolio).

93 2613 189 2660 breutin,
205 2610 308 2654 nominoe
324 2619 464 2667 proprement
491 2611 517 2654 Lu
528 2613 557 2654 loi
566 2613 649 2667 d'uppel
660 2613 705 2665 (lex
714 2613 743 2656 de
749 2626 861 2669 pronora-

93 2675 150 2718 Juno
161 2673 294 2729 Reqinmnes
302 2673 335 2716 lut
344 2673 464 2717 introduito
493 2676 561 2728 tione)
571 2681 603 2717 est
619 2688 663 2718 une
677 2675 703 2718 (le
720 2676 786 2719 cellos
796 2678 860 2731 qu'ou

94 2749 134 2791 que
153 2738 251 2778 soixante
269 2748 309 2778 uus
333 2736 383 2791 plus
407 2737 463 2780 turd-
491 2736 584 2791 appelait
599 2739 706 2787 socrate,
725 2751 789 2791 parre
808 2751 858 2792 quo,

94 2797 158 2854 lopez
167 2799 188 2841 le
198 2798 253 2841 Iliso.
263 2796 332 2842 lunt.
342 2821 369 2833 —-
377 2800 398 2843 Ξ.
408 2800 464 2844 Iam
491 2812 573 2841 comme
592 2799 612 2842 le
630 2800 662 2841 ‹lit
677 2799 779 2851 (booron,
790 2803 859 2856 caput

95 2870 116 2902 eo
132 2859 265 2905 oomluris
286 2859 389 2916 imperii,
411 2861 464 2915 jam
490 2861 546 2916 ejus,
557 2861 597 2918 qui
610 2864 694 2907 contro
712 2862 869 2920 secibcouse·

97 2923 460 2978 tribunitiaepoteetaliuarrata-
486 2931 581 2983 matur,
592 2929 653 2976 celui
670 2932 712 2989 qui
727 2930 835 2977 lesuiole
844 2935 883 2975 ost
