1904 3216
344 188 381 238 lix
399 187 468 238 tll'lt
483 188 571 239 titillo
588 189 614 240 V.
834 187 865 238 53

90 300 121 351 da
130 299 259 350 ancilibus
264 301 365 353 rastris.
375 302 438 352 ldars
450 303 562 364 Gradive,
569 311 656 368 tuque,
666 303 769 362 Quirine
776 304 865 364 pater?

91 370 146 420 llaec
164 370 252 420 omnia
272 370 301 420 in
317 372 421 434 profano
432 373 513 423 deseri
527 377 606 436 plaoet
621 388 699 432 saera.
714 374 821 436 aequalia
831 371 863 436 (ill

88 441 157 500 urbi,
176 443 292 504 quaedam
307 443 442 493 vetustiora
457 444 557 508 origine
573 444 661 495 urbis?
673 447 700 494 lit
711 444 865 506 videtequid

86 510 155 560 inter
166 524 213 560 uos
225 525 254 562 ao
260 512 368 576 majores
378 513 485 564 intersit.
498 515 537 564 llli
548 528 618 564 saera
625 517 738 577 quedam
750 514 776 562 in
783 523 865 564 monte

87 581 183 630 Albano
201 582 354 644 Lavinioque
369 584 441 633 nobis
463 584 574 634 iacienda
593 584 764 634 tradiderunt:
785 598 816 632 an
836 598 865 633 ex

86 651 201 705 bostium
213 653 319 703 urbibus
332 655 433 705 Romam
449 656 481 706 ad
490 669 535 704 nos
545 655 674 704 translerri
685 669 755 703 sacra
766 654 866 717 religio-

87 736 145 772 sum
157 723 209 786 (lu)
221 723 286 782 luit3
303 724 363 774 bino
373 725 428 774 sine
437 726 535 788 piaculo
548 727 573 774 in
580 726 685 774 hostium
697 724 786 773 urbem
797 726 866 775 lleioa

87 793 291 843 transferemus?
311 795 493 852 Recordamini‚
519 796 655 857 agitedum,
680 794 777 857 quoties
795 808 865 842 sacra

88 863 272 921 instaurentur,
291 864 351 926 quia
373 865 468 928 aliquid
487 880 516 914 ex
537 866 619 928 patrio
643 865 694 915 ritu
713 864 866 926 negligentia

87 947 181 982 maure
196 935 393 996 praetermissum
413 943 458 985 est.
477 937 545 985 llodo
561 950 618 996 quae
635 950 683 993 res,
708 943 762 998 post
784 936 866 996 prodi-

89 1005 167 1067 gium·
179 1006 268 1054 albam
286 1006 364 1063 lacus,
382 1006 431 1054 nisi
445 1007 592 1056 instauratio
600 1019 726 1054 sacrorum
744 1005 866 1066 auspicio-

87 1087 199 1135 rumque
214 1076 353 1133 renovatio,
373 1077 469 1127 affeetae
482 1076 577 1125 Veienti
593 1076 658 1125 bello
674 1074 817 1135 reipublice
828 1089 867 1122 rr,-

87 1144 172 1193 medio
182 1143 249 1193 luit?
263 1148 291 1194 nt
307 1145 393 1202 etiarn,
401 1153 520 1207 tanquam
532 1154 644 1194 veterum
655 1143 807 1206 religionum
816 1159 867 1193 me-

87 1228 182 1271 mores.
192 1220 219 1264 et
233 1216 378 1277 peregrinos
394 1217 453 1265 deos
466 1215 640 1265 transtulimus
660 1215 769 1270 Romam,
788 1226 813 1262 et
829 1215 867 1263 in·

88 1284 225 1333 stituimus
242 1299 325 1335 noros.
342 1286 509 1348 lunoregina‚
524 1291 662 1335 transvecta
676 1284 768 1341 alleiis,
786 1298 867 1346 nuper

88 1354 115 1403 in
128 1354 250 1403 Aventino
261 1370 334 1418 quam
352 1356 444 1418 insigni
460 1357 492 1405 ob
504 1357 626 1406 excellens
635 1362 804 1404 matronarum
815 1362 867 1403 stu·

88 1424 161 1474 dium
169 1426 317 1487 celebrique
330 1426 442 1476 dedicato
455 1436 492 1476 est
505 1427 559 1476 diel
573 1428 616 1475 dio
627 1426 725 1475 Locutio
734 1428 865 1488 templum,

87 1502 195 1557 propter
213 1499 340 1546 coelestem
354 1510 438 1547 rooem
456 1499 598 1546 exauditam
613 1498 639 1546 in
656 1497 779 1553 Novaria,
791 1497 867 1558 jussi-

87 1580 148 1615 mus
163 1567 220 1616 fieri
243 1567 310 1630 llll:
328 1568 480 1630 Capitolinos
498 1569 569 1617 ludos
584 1566 745 1616 sollemnibus
759 1566 815 1615 aliis
826 1566 867 1614 ad-

90 1638 220 1695 didimus;
244 1638 428 1700 collegiumque
445 1640 475 1687 ad
495 1639 520 1687 id
539 1652 640 1694 novum,
659 1646 758 1687 auctore
770 1645 865 1694 senatu,

88 1709 260 1759 oondidimus.
278 1709 341 1765 Quid
355 1711 446 1759 horum
458 1723 519 1771 opus
535 1708 584 1757 luit
596 1708 700 1770 suscipi,
717 1708 739 1757 si
749 1721 797 1756 una
809 1721 866 1756 cum

89 1778 166 1828 Gallis
179 1780 269 1828 urbem
281 1780 414 1846 Romanam
431 1779 547 1829 relicturi
563 1778 673 1827 luimus?
690 1778 710 1826 si
723 1792 770 1825 non
783 1779 868 1825 volun-

89 1855 141 1897 tate
162 1849 301 1897 mansimus
313 1849 338 1897 in
356 1851 475 1912 Capitolio
488 1864 533 1912 per
550 1857 586 1897 tot
600 1863 698 1897 menses
711 1847 868 1897 obsidionis?

89 1919 111 1968 si
127 1918 159 1966 ab
171 1919 286 1967 hostibus
294 1927 361 1968 metu
378 1921 469 1969 retenti
481 1919 589 1968 sumus?
602 1922 634 1967 lle
650 1918 728 1967 snuris
741 1917 868 1978 loquimur

89 1996 114 2037 et
131 1989 163 2037 de
174 1989 291 2049 templis:
313 1990 376 2053 quid
386 1992 486 2039 tandem
499 1991 529 2038 de
542 1989 728 2038 sacerdotibus-'l
744 1990 828 2036 lionne
842 1988 866 2035 in

90 2066 202 2108 mentem
215 2060 291 2114 renit,
302 2070 423 2122 quantum
434 2061 525 2123 pinculi
537 2061 719 2109 committatur?
730 2058 869 2107 Vestalibus

90 2143 182 2191 nempe
199 2144 249 2178 una
271 2131 311 2179 illa
329 2132 398 2180 sedes
419 2140 465 2188 est,
487 2146 515 2180 ex
537 2146 584 2193 qua
603 2145 644 2180 eas
664 2130 727 2178 nibil
747 2140 867 2190 unquam.

91 2207 263 2263 praeterquam
283 2202 343 2250 urbs
363 2208 443 2264 capta,
467 2201 550 2250 morit.
569 2200 672 2248 Flamini
687 2197 749 2246 Diali
772 2204 870 2246 noctem

92 2355 471 2413 lociquesaormaeenlulieoar
497 2356 539 2399 Aio
550 2356 645 2399 Locutio
656 2354 788 2410 templum...
806 2354 868 2410 fieri.

91 2411 214 2464 tuoe-9.
223 2416 336 2473 AEquulis.
354 2418 384 2461 du
399 2419 470 2460 mdme
497 2418 556 2459 Tel..
567 2418 599 2459 dit
609 2431 637 2459 uu
647 2418 680 2458 rh.
692 2417 732 2460 50:
743 2416 870 2472 Explandae

92 2483 132 2535 aga
142 2492 214 2535 que...
229 2502 256 2510 -
272 2479 305 2522 10.
322 2478 469 2534 delinimur,
497 2492 558 2522 vocis
574 2482 702 2525 nocturne.
720 2490 769 2532 quae
785 2478 871 2520 numia

91 2542 227 2587 contrairet
240 2543 260 2584 la
269 2542 364 2595 religion
374 2544 472 2596 (propre-
498 2542 573 2583 cludis
587 2545 642 2583 urite
658 2541 743 2582 bellum
757 2539 871 2582 Gallicum

91 2611 170 2648 ment:
182 2604 250 2646 chose
266 2604 345 2646 laisnnt
354 2605 423 2645 naitra
433 2603 472 2646 des
498 2602 872 2656 audituneqlectnqneesaebmen-

92 2665 211 2721 scrupulos
227 2665 352 2719 religieux).
363 2664 402 2708 Cea
418 2663 472 2707 letes
500 2664 751 2718 uuillelmjusanmque
762 2661 872 2716 templum

92 2729 198 2772 dernient
207 2729 254 2770 etna
265 2726 377 2770 eelebrdas
386 2739 425 2769 aur
440 2725 473 2769 les
500 2726 525 2767 in
536 2726 597 2768 Noua
609 2725 647 2766 uin
660 2725 701 2768 Aio
712 2723 805 2767 bouillo
817 2720 872 2776 fieri

93 2789 270 2834 montsblbanus
279 2787 473 2842 sabinianum
500 2786 527 2827 be
540 2797 590 2826 uum
605 2792 636 2826 est
647 2784 748 2839 euplique
759 2794 798 2837 par
813 2783 873 2823 llice-

93 2850 377 2895 tarritoiraannemizallas
384 2862 412 2892 ne
418 2861 473 2904 pou·
499 2861 546 2895 ron.
557 2848 585 2889 de
594 2847 750 2895 Divinatione,
758 2843 823 2893 ll‚cb.
834 2843 872 2884 52:

94 2912 306 2957 manutenemus
316 2912 470 2955 Rome-ll.
498 2910 554 2955 Aius
570 2909 614 2953 iste
630 2911 733 2966 Loquens
759 2905 839 2949 niebul
852 2907 876 2948 et
