1904 3216
87 113 133 164 usa
185 103 187 106 ‘
273 170 276 174 ,
388 113 550 165 onnnonus

89 231 122 279 las
132 247 139 277 z
148 230 265 292 primum,
273 231 339 292 quod
348 243 393 291 pro
402 228 543 278 temeritate
550 227 716 289 imperatoris,
723 227 857 290 nulloJ’ure

87 303 199 366 gentium
208 301 445 355 bolluminserentis,
453 313 537 362 poenas
545 299 615 347 luere
624 299 761 347 exercitum
770 300 856 348 nolue-

87 390 136 425 run
156 392 161 421 :
173 375 343 435 deinde,quod
351 374 456 426 belluas,
467 385 515 420 non
524 370 692 426 hostesnobis
700 368 854 430 objecerunt.

118 383 289 495 llhlitenomen
298 451 395 494 tantum
406 440 719 492 existimaremixtumesse
727 440 856 503 Gallograe-

88 530 175 565 corum
190 532 196 563 :
211 517 289 564 multo
299 520 357 563 ante
373 519 397 562 et
409 526 512 574 corpora
525 518 550 561 et
564 511 641 560 animi
654 511 725 559 mixti
736 525 764 559 ac
773 511 856 559 vitiati

88 592 154 636 sunt.
169 587 214 642 bn,
230 586 252 635 si
268 585 304 633 illi
322 584 382 632 Galli
397 591 488 639 essent,
502 596 559 632 cum
575 582 666 644 qriibus
680 581 772 630 millies
786 583 857 631 vario

87 663 176 707 eventu
189 654 216 705 in
232 654 301 704 ltalia
317 661 454 717 pugnatum
470 659 515 709 est,
529 659 650 716 quantum
665 652 692 701 in
706 652 857 714 imperatore

87 733 173 776 nostro
181 726 238 780 fuit,
246 725 350 774 nuntius
358 725 427 773 illinc
436 723 560 774 redisset?
569 723 610 773 Bis
619 737 677 772 cum
682 723 713 772 iis
718 727 857 784 pugnatum

88 803 134 853 est,
147 797 187 845 bis
203 797 255 844 loco
269 796 356 856 iniquo
365 795 443 844 subiit
453 794 497 857 (5),
508 794 534 842 in
548 794 612 843 valle
623 793 857 855 inferiorepedibus

87 866 270 930 paenehostium
279 866 358 915 aciem
367 864 488 926 subiecit:
499 869 528 913 ut
538 878 587 913 non
595 863 630 925 (6)
635 865 684 912 tela
689 877 718 912 ex
727 865 856 926 superiore

88 939 141 988 loco
150 938 286 994 mitterent,
297 937 341 987 sed
351 951 454 1000 corpora
464 951 508 986 sua
520 936 586 986 unda
596 935 738 998 injicerent,
749 938 856 986 obruere

76 1012 283 1071 ,nospotucrunt
293 1006 356 1063 Quid
365 1008 446 1070 igitur
452 1005 557 1056 incidit?
567 1007 652 1068 llagna
663 1006 762 1055 fortuna
771 1007 856 1069 populi

88 1077 190 1128 Romani
204 1084 250 1135 est,
265 1091 383 1139 magnum
396 1085 421 1127 et
432 1077 545 1128 terribile
558 1091 655 1127 nomen.
670 1078 770 1127 Recenti
784 1081 856 1129 ruina

89 1147 856 1211 Barrnibalis,Pbilippi,Antiochi.propeattonitierant.lantae

88 1232 222 1282 corporum
231 1221 308 1268 moles
321 1220 405 1269 lundis
415 1220 563 1281 sagittisque
570 1219 597 1267 in
607 1221 692 1282 lugam
704 1221 855 1271 consternati

88 1297 148 1343 suut
161 1287 208 1353 (liz
218 1289 313 1351 gladius
324 1292 351 1339 in
358 1291 411 1340 acie
420 1295 566 1340 cruentatus
574 1303 624 1340 non
635 1290 854 1350 estGallicobello;

87 1359 242 1412 relutavium
248 1359 404 1416 examinum
410 1360 534 1423 crepitum
539 1360 649 1423 primum
659 1360 855 1410 missiliumaro-

88 1435 178 1483 lavere.

119 1503 158 1557 At,
169 1500 279 1557 hercule,
296 1513 342 1549 nos
357 1500 434 1550 iidem
450 1500 607 1560 (admonente
622 1501 730 1557 fortuna,
746 1502 815 1564 quid,
833 1504 855 1552 si

88 1572 185 1621 hostem
195 1569 377 1626 habuissemus,
392 1584 509 1620 casurum
519 1571 626 1633 luisset),
635 1584 712 1633 quum
721 1571 856 1623 redeuntes

88 1643 114 1691 in
127 1640 280 1691 latrunculos
291 1640 396 1690 Thracas
410 1641 595 1697 incidissemus,
606 1640 673 1698 caesi,
688 1641 777 1703 fugati,
788 1644 855 1692 enni

89 1709 272 1773 impedimentis
281 1724 374 1759 snmus.
384 1711 410 1765 Q.
423 1710 542 1760 llinucius
552 1711 679 1764 Thermus,
690 1711 776 1772 inquo
788 1715 856 1763 haud

88 1782 171 1845 paullo
181 1783 238 1844 plus
246 1780 330 1830 damni
339 1782 430 1831 lactum
441 1787 488 1838 est,
499 1782 602 1844 quamsi
613 1781 774 1839 Cnllanlius,
786 1785 856 1846 cujus

88 1851 229 1900 temeritate
244 1863 273 1899 ea
283 1851 366 1900 clades
376 1850 507 1908 inciderat,
514 1852 630 1912 perisset,
638 1864 695 1900 cum
703 1852 856 1902 multisviris

89 1922 195 1970 fortibus
205 1921 306 1970 cecidit:
316 1921 449 1976 exercitus,
456 1920 535 1983 spolia
541 1922 607 1982 regis
612 1922 725 1970 Antiochi
735 1923 854 1979 referens,

89 1990 210 2041 trifariam
221 1990 363 2054 dissipatus
372 1990 433 2040 alibi
448 1990 565 2052 primum,
577 1992 636 2041 alibi
648 1997 802 2054 postremum
811 2009 857 2057 ag-

89 2078 153 2119 men,
164 2061 225 2111 alibi
236 2061 423 2123 impedimenta,
434 2061 500 2109 inter
509 2075 595 2123 vepres
602 2062 627 2110 in
636 2063 737 2112 latebris
745 2064 856 2114 ferarum

89 2140 264 2182 noctamunam
271 2132 379 2181 delituit.
387 2133 432 2181 Pro
440 2132 479 2181 his
489 2133 631 2194 triumphus
638 2133 750 2194 petituri
760 2135 784 2184 Si
794 2135 856 2184 nihil

89 2203 115 2251 in
122 2201 225 2251 Thracia
234 2201 310 2251 cladis
318 2200 509 2264 ignominiasque
516 2201 579 2250 foret
585 2209 723 2262 acceptum,
728 2204 759 2252 de
766 2205 856 2267 quibus

88 2275 200 2324 hostibus
213 2272 371 2334 triumphum
379 2271 493 2334 peteres?
502 2271 532 2320 de
542 2271 582 2329 iis,
593 2278 623 2322 ut
633 2272 730 2335 opinor,
738 2287 799 2336 quos
808 2274 854 2326 tibi

91 2401 138 2448 tur,
148 2397 236 2453 sibique
246 2396 404 2452 triumphanti
419 2408 460 2439 ur·
486 2397 552 2450 baril,
561 2398 627 2453 qu'ils
638 2398 722 2442 fussent
735 2399 856 2444 seulement

91 2458 139 2500 bem
150 2458 229 2500 inuehi
239 2457 326 2500 liceret.
337 2481 363 2489 -
372 2459 392 2501 5.
403 2458 460 2502 Sub·
486 2471 555 2501 venus
570 2459 647 2503 londre
665 2472 704 2502 sur
721 2472 778 2504 nous
796 2463 855 2516 (aver

90 2518 128 2571 itt,
154 2519 170 2562 il
196 2518 321 2574 s'approeha
344 2518 413 2562 d’eux.
432 2542 455 2551 —
487 2519 546 2562 leurs
556 2521 626 2575 corps)
637 2523 708 2564 meme
720 2535 770 2563 sans
784 2535 855 2566 armes

89 2581 109 2626 6.
122 2581 150 2624 llt
161 2591 241 2623 nou...
253 2579 307 2622 dans
317 2579 337 2621 la
352 2581 460 2634 signitica-
487 2582 576 2636 lauda),
586 2583 614 2625 ils
623 2584 739 2638 pouvaient
752 2596 808 2626 noris
821 2598 857 2626 ac·

90 2643 136 2685 tion
145 2653 189 2698 que
204 2653 260 2685 nous
271 2653 338 2685 avons
355 2641 403 2696 dejh
418 2655 459 2687 rue
487 2644 567 2687 cabler.
577 2669 603 2677 -
611 2645 631 2688 l.
644 2645 721 2688 Tantas
733 2658 855 2701 corporum

90 2704 201 2760 plusieurs
215 2703 256 2746 fois
271 2715 276 2745 :
291 2703 460 2758 supposdqu'ils
487 2707 591 2749 moles...
619 2707 762 2749 consternati
788 2714 853 2750 suut.

91 2764 459 2820 n'eussentpus....0u’ilsn'eussent
486 2768 553 2810 verbe
562 2768 695 2810 s'accordant
709 2781 759 2810 arec
774 2768 794 2810 le
807 2782 854 2811 sem

91 2840 129 2883 pas
139 2827 200 2870 lance
217 2828 255 2870 des
272 2827 395 2879 projccliles
411 2827 459 2870 d'cn
487 2834 509 2872 et
518 2841 560 2871 non
570 2842 622 2872 arec
631 2830 663 2872 les
671 2836 726 2871 mots
735 2829 772 2884 qui
782 2829 854 2884 prich-
