1904 3216
140 219 187 270 aas
383 186 385 191 ¹
445 219 607 270 onarmnns

141 336 257 387 arcentis.
274 334 391 385 Accendit
408 339 526 396 praeterea
546 341 571 385 et
586 335 697 384 stimulat
713 333 811 384 animos
827 335 906 393 dolor,

140 406 242 470 iniuria,
250 404 393 465 indignitas.
403 403 438 453 nd
446 403 598 466 supplicium
606 403 803 466 depoposcerunt
812 417 852 452 me
861 405 910 452 du-

140 491 194 527 cem
208 475 327 538 primum,
344 472 434 522 deinde
450 486 492 523 vos
504 487 597 532 omnes,
608 473 652 536 qui
675 474 812 534 Saguntum
830 488 912 537 oppu-

9 572 17 621 '.
52 556 54 561 ·
140 546 271 610 guassetis;
290 544 385 594 deditos
395 543 491 594 ultimis
504 544 655 594 cruciatibus
666 544 780 593 affecturi
797 546 908 593 t'uerunt.

140 615 316 669 crudelissima
327 628 357 663 ac
364 613 540 676 superbissima
546 627 607 675 gens
617 627 662 662 sua
670 613 753 662 omnia
765 614 855 676 suique
867 629 911 664 ar-

139 686 209 737 bitrii
224 686 300 735 facit:
314 698 372 734 cunr
387 684 477 747 quihus
488 684 590 742 bellum,
601 698 659 733 cum
669 684 761 747 quihus
775 699 860 746 pacem
873 687 904 737 ha

139 756 253 813 beamus,
267 769 294 805 se
308 756 410 804 modum
424 754 552 816 imponere
563 769 663 818 aequum
673 761 757 805 censet
775 771 780 803 :
797 755 910 807 circnm-

140 828 229 878 scribit
237 827 390 888 includitque
403 839 449 874 nos
458 825 574 873 terminis
582 824 706 874 montium
717 824 909 889 fluminumque,

115 912 119 919 ¹
140 911 202 961 quos
213 911 263 947 non
273 897 434 952 excedamus;
446 908 526 956 neque
538 909 589 951 eos,
604 907 666 956 quos
681 895 776 952 statuit,
792 899 912 946 terminos

139 969 261 1019 observat.
269 983 281 1014 a
288 967 323 1016 lie
331 965 460 1014 transieris
470 964 586 1013 Iberum:
598 979 629 1014 ne
638 963 699 1026 quid
706 965 744 1014 rei
755 965 801 1014 tibi
811 967 845 1015 sit
853 981 911 1016 cum

90 1056 92 1061 ’
140 1037 294 1101 Sagamtinisi
306 1037 342 1085 dd
353 1036 454 1085 Iberum
467 1042 506 1084 est
516 1036 804 1098 Saguntummusquarn
817 1043 841 1086 te
855 1051 912 1086 ves-

140 1108 202 1172 tigio
214 1107 334 1157 moveris}
349 1123 362 1154 n
381 1107 471 1155 Parum
483 1105 600 1167 estquod
613 1106 760 1155 veterrimas
775 1107 912 1168 provincias

140 1193 216 1233 meas.
228 1177 339 1228 Siciliam
347 1182 372 1226 ct
381 1175 624 1234 Sardiniam‚adimis
631 1192 637 1231 ;
645 1176 720 1224 etiam
731 1176 878 1238 Hispanias?
886 1185 910 1226 et

56 1280 58 1285 ι
140 1249 200 1298 inde
211 1262 307 1298 cessero
319 1247 372 1311 (tiz
389 1247 416 1295 in
435 1246 543 1295 Africam
559 1247 727 1296 transcendes.
746 1247 912 1304 Transcendes

45 1341 48 1348 ⁴
141 1325 225 1368 autern
236 1317 374 1368 dicotduos
381 1317 495 1366 consules
502 1315 577 1377 hujus
587 1317 655 1374 anni,
665 1330 744 1365 unum
756 1317 783 1365 in
794 1317 910 1374 atticam,

141 1389 249 1437 alterum
257 1390 284 1436 in
296 1386 436 1449 Hispaniam
447 1385 568 1435 miserunt
580 1402 587 1434 ε
600 1387 777 1448 nihilusquaru
789 1387 861 1438 nobis
872 1402 912 1438 re

140 1459 227 1507 lictum
234 1463 279 1513 est.
293 1457 340 1507 nisi
352 1458 419 1519 quod
429 1457 506 1506 armis
518 1457 704 1508 vindicarimus.
720 1459 769 1508 mis
782 1459 879 1509 timidis
885 1466 911 1509 et

140 1528 235 1590 ignavis
251 1541 305 1577 csse
322 1526 388 1584 licet,
403 1527 447 1591 qui
459 1534 599 1590 respectum
616 1528 708 1577 habent
720 1529 764 1592 (5),
781 1542 844 1592 quos
864 1544 910 1580 sua

139 1603 219 1653 terra.
231 1611 292 1647 suus
304 1611 373 1658 ager,
386 1611 431 1660 per
439 1601 491 1645 tuta
499 1610 529 1646 ac
537 1602 620 1658 pacata
631 1597 722 1646 itinera
733 1597 858 1659 fugientes
869 1613 912 1648 ac·

140 1668 232 1730 cipient
244 1684 250 1715 ε
263 1668 440 1717 vobisneccsse
453 1668 600 1716 cstiortibus
611 1667 673 1717 viris
685 1681 748 1726 esse,
757 1676 782 1717 et
793 1670 911 1719 omnibus

141 1741 342 1789 intersictoriam
362 1746 498 1789 mortemve
511 1745 577 1788 certa
598 1738 768 1801 desperatione
787 1739 912 1804 abruptis,

140 1817 184 1860 aut
194 1811 302 1867 sincere,
319 1819 372 1869 aut,
382 1810 403 1860 si
420 1810 520 1859 fortuna
533 1809 666 1867 dubitabit,
681 1809 708 1857 in
723 1811 813 1872 proelio
829 1811 912 1874 potius

140 1896 215 1944 qnam
224 1882 251 1930 in
259 1887 317 1939 tuna
330 1887 565 1944 mortemoppctere.
576 1881 601 1929 Si
611 1881 659 1930 hoc
670 1880 733 1929 bene
745 1880 821 1930 dnum
830 1882 914 1931 omni-

51 1984 55 1989 -
140 1953 194 2013 bus,
215 1952 368 2002 destinatum
378 1952 404 2001 in
421 1952 504 2000 animo
522 1959 568 2008 est,
583 1951 675 2001 iteruin
688 1950 779 2007 dicam,
795 1952 912 2002 vicistis:

139 2024 237 2072 nuilum
253 2037 281 2071 co
295 2023 371 2071 telum
384 2022 415 2071 ad
426 2021 574 2070 vincendum
589 2021 686 2071 homini
700 2021 731 2069 ab
744 2020 793 2071 diis
803 2022 912 2073 immor·

139 2095 230 2143 talibus
242 2093 325 2142 acrius
339 2093 425 2141 datum
438 2098 483 2141 est.

139 2218 159 2261 d.
177 2217 206 2260 st
216 2215 271 2258 inde
286 2225 386 2258 cessem:
399 2221 437 2257 «et
450 2216 513 2269 (met·
538 2215 636 2258 derridre
643 2227 692 2265 eux,
701 2215 827 2270 pchcroher
837 2227 869 2259 nn
877 2228 913 2258 re-

139 2286 188 2321 tons
197 2278 251 2331 celat
259 2277 323 2332 jolos
334 2275 510 2320 auraiscddees:
539 2276 598 2331 iugo,
612 2278 650 2333 qui
669 2283 707 2320 ont
724 2277 785 2320 leurs
802 2277 913 2322 derrieaes

140 2347 164 2383 tu
177 2353 223 2391 vas,
238 2347 301 2382 ota·
320 2338 379 2381 Getta
398 2344 511 2391 tout-nure,
539 2337 633 2381 assurds.

140 2415 168 2444 en
181 2401 276 2456 quelque
293 2407 350 2444 sorte
367 2400 511 2456 dianamque,
567 2399 595 2443 Le
618 2400 670 2443 fond
695 2400 722 2443 de
749 2413 786 2442 ces
813 2399 913 2444 discours

140 2469 173 2506 est
182 2462 231 2517 plus
241 2463 364 2516 expressive
373 2475 416 2518 quc
425 2463 446 2504 si
458 2462 513 2505 inde
540 2461 567 2505 dc
585 2461 671 2516 Scipion
690 2469 711 2505 et
734 2462 862 2505 d'liannibal
881 2471 914 2505 cst

140 2534 234 2567 cessero.
245 2545 272 2555 -
284 2525 305 2567 5.
322 2522 364 2575 oct
385 2526 513 2578 respectum
540 2523 655 2578 emprunte
672 2523 784 2578 iPolpbc,
802 2523 858 2566 livre
877 2523 912 2575 111,

140 2585 233 2636 todem,
243 2586 282 2636 oui
298 2591 393 2637 pensent
410 2585 514 2640 regarder
541 2585 575 2627 ch.
583 2586 609 2628 G]
619 2593 640 2628 et
650 2586 684 2630 dd.
