1904 3216
320 216 358 266 tx
373 214 443 266 bitti
461 216 548 267 b1lttt0
565 215 624 267 tul.
823 217 854 267 85

86 331 174 382 consul
197 329 289 382 daturi
299 330 344 381 ubi
367 330 403 395 (i)
423 345 480 394 pers
491 331 582 381 virium
599 332 636 383 ibi
647 338 673 382 et
682 332 782 397 imperii
798 345 855 396 pots

86 401 138 452 esti
149 401 190 450 Est
201 401 303 465 quidem
320 401 391 451 nobis
407 402 455 452 hoc
471 416 517 464 per
530 415 557 452 se
567 403 633 453 baud
650 404 725 454 nitnis
736 403 854 464 amptum,

86 473 181 536 quippe
203 473 396 523 concedentibus
423 474 522 524 Romam
548 480 622 537 caput
637 475 703 525 latio
717 489 785 531 esse;
803 475 854 535 sed,

87 552 115 592 ut
127 544 239 606 amplum
254 543 333 593 videri
345 550 436 606 posset,
459 545 577 594 diuturna
600 545 720 609 patientia
741 545 854 595 lecimus.

87 613 169 675 Atqui,
191 614 213 662 si
237 613 334 676 quando
353 627 463 677 unquam
484 615 640 666 consociandi
657 616 771 680 imperii,
782 630 856 666 usur-

87 685 172 746 pandas
190 683 311 733 libertatis
327 689 425 746 tempus
438 685 549 748 optastis,
560 699 592 735 en
606 687 653 736 boc
667 695 765 750 tempus
777 687 855 744 adest,

87 762 112 803 et
128 754 221 803 virtute
227 760 309 804 vestre
320 761 345 804 et
354 754 429 804 detltu
440 754 594 815 benignitate
604 757 772 808 vobisdatutn.
792 758 855 808 len·

88 827 158 876 tastis
172 826 325 889 patientiam,
339 826 450 886 negando
464 826 569 876 militem
584 841 591 876 τ
609 830 665 891 quis
680 828 777 879 dubitat
786 843 857 879 exat·

87 896 149 946 sisse
163 910 205 946 eos
219 909 298 958 qutun
312 896 368 960 plus
381 896 544 946 ducentotutn
556 909 677 946 annornm
694 911 790 948 monem
803 899 856 948 sol-

86 964 666 1016 veremusiPertnlerunttntnenbuncdolorem.
674 966 857 1018 Bellumnostro

86 1036 190 1086 nomine
199 1049 257 1086 oum
272 1035 383 1097 Pelignis
396 1037 532 1096 pessimun
542 1037 586 1099 qui
600 1049 633 1085 ne
645 1044 789 1088 nosttorum
798 1039 856 1101 qui-

85 1106 144 1157 dem
158 1105 248 1156 linium
262 1106 334 1156 nobis
344 1120 390 1169 per
403 1120 449 1156 nos
460 1106 611 1156 tuendorum
619 1106 662 1168 jus
673 1115 746 1157 antea
757 1109 855 1165 dabam,

85 1177 150 1226 nibil
163 1176 367 1226 intercesserunt.
385 1176 505 1226 Sidicinos
519 1176 545 1224 in
561 1176 634 1225 iidem
650 1184 773 1240 receptos,
784 1180 856 1229 Gam-

86 1263 165 1313 panos
174 1249 205 1298 ab
212 1263 238 1298 se
246 1250 276 1298 ad
285 1249 451 1307 nosdescisse,
462 1248 584 1298 exercitus
589 1261 635 1297 nos
643 1262 730 1311 potare
741 1250 856 1300 advorsus

86 1320 211 1370 Samnites
224 1319 356 1369 loederatos
367 1333 425 1369 suos
434 1318 579 1374 audierunt,
591 1332 636 1367 nec
648 1326 778 1369 moverunt
789 1334 815 1370 se
824 1321 856 1370 ob

87 1389 162 1440 Urbe.
180 1389 249 1439 llnde
260 1390 314 1439 bueo
327 1389 377 1438 illis
390 1395 456 1438 tanta
476 1388 604 1445 modestia,
617 1387 665 1436 nisi
679 1402 693 1437 a
707 1389 855 1439 conscientia

86 1460 181 1510 virium
191 1464 216 1509 et
226 1466 368 1508 nostrorum
377 1464 402 1508 et
411 1457 530 1507 suarum‘l
538 1457 638 1506 idoneos
647 1467 759 1508 auctores
766 1460 855 1519 babeo,

86 1527 570 1591 querentibusdenobisSatnnitibusita
578 1530 854 1589 responsumabsenstu

87 1601 200 1650 bostono
212 1613 273 1657 esse,
294 1608 322 1649 ut
336 1599 409 1649 facile
422 1605 552 1661 appareret
565 1612 597 1646 ne
611 1599 677 1660 ipsos
691 1599 793 1661 quidem
803 1602 854 1662 jum

86 1673 217 1734 postulare
230 1678 258 1720 ut
275 1670 369 1720 latium
383 1670 429 1719 sub
445 1670 551 1718 itomano
564 1669 667 1732 imperio
682 1671 723 1719 sit.
738 1671 856 1736 lisurpate

87 1742 162 1790 modo
180 1739 329 1803 postulando
343 1753 372 1789 eo
385 1740 452 1802 quod
463 1739 500 1788 illi
514 1739 581 1788 tobis
595 1739 663 1789 taciti
672 1742 816 1790 concedunt.
832 1742 855 1792 si

87 1824 163 1875 quem
179 1813 225 1860 boo
239 1816 320 1860 metus
330 1810 414 1859 dicere
422 1808 544 1872 probibet,
555 1823 585 1858 en
599 1823 645 1871 ego
657 1811 719 1874 ipse,
731 1813 854 1868 audiente,

87 1897 137 1931 non
158 1882 247 1946 populo
259 1881 367 1929 Romano
381 1880 453 1928 modo
464 1886 609 1942 senatuque,
622 1882 665 1930 sed
678 1882 737 1933 love
747 1883 801 1946 ipso
814 1883 856 1947 qui

88 1952 241 2015 Capitolium
251 1952 346 2010 incolit,
359 1951 477 2014 profiteor
488 1964 527 1998 me
541 1951 676 2009 dicturum,
691 1960 729 2010 ut,
743 1954 856 2004 sinesin

69 2025 184 2075 ·loedere
206 2037 234 2074 nc
257 2025 374 2073 societate
391 2035 446 2072 esse
462 2022 546 2078 velint,
563 2025 690 2074 consulem
707 2026 815 2074 alterum
827 2025 857 2074 ab

87 2097 160 2146 nobis
173 2102 326 2158 senatusque
337 2099 434 2157 partein
444 2091 479 2155 (i)
492 2092 623 2155 accipiant.

441 2231 509 2280 lxlv

89 2359 146 2420 Cap.
169 2355 193 2404 5.
206 2353 292 2406 Oratio
303 2353 501 2418 Atntiiojosdem
516 2352 552 2402 ad
572 2353 689 2404 Strictum
706 2353 854 2403 Ronmnum.

110 2468 184 2504 senato
193 2463 264 2511 tegitis
272 2462 381 2502 Latinomm
390 2463 443 2502 delo.
453 2474 513 2516 quoin
529 2465 549 2500 Τ.
566 2464 647 2514 ilaniius
658 2463 724 2501 consul
734 2468 804 2511 apeme
813 2477 857 2505 eum

89 2511 278 2593 fanffiffittato
293 2509 378 2553 Petrum,
393 2518 417 2545 ne
430 2509 549 2546 Samnitibus
558 2508 659 2546 ioederatis
674 2508 746 2547 belluni
756 2511 857 2554 intonent.

117 2643 157 2686 Les
170 2641 338 2684 Romainsn'ont
345 2640 429 2695 pointb
439 2640 579 2683 eommondor
587 2652 593 2689 ;
602 2640 634 2682 los
644 2640 716 2684 latins
725 2645 773 2684 sont
780 2642 856 2694 libres;

89 2705 213 2761 cependant
227 2703 255 2744 ils
264 2708 393 2745 consentent
406 2703 418 2744 d
429 2702 470 2744 lier
482 2703 531 2744 lout-
546 2702 615 2744 sortd
629 2703 686 2746 colui
700 2703 739 2746 des
749 2704 857 2757 Romulus,

116 2821 187 2865 lxiii.
198 2823 219 2865 l.
239 2819 305 2865 vlt...
324 2818 409 2874 repetet
435 2819 462 2860 ici
490 2817 572 2867 moitis,
588 2829 624 2865 ou.
641 2831 725 2861 commo
741 2819 823 2861 Annius
838 2820 862 2864 la

91 2896 136 2928 eur
158 2894 214 2926 non.
230 2904 257 2913 -
272 2881 292 2925 l.
321 2880 463 2935 Senatu-sque
490 2880 522 2923 dit
531 2880 616 2924 dnnsle
628 2880 686 2925 bisc.
696 2881 768 2932 suin„
780 2893 876 2937 nqnnnt

89 2948 195 3006 portem
211 2949 289 2988 nont.
307 2943 416 2998 atteram,
440 2943 462 2989 la
489 2949 585 3005 purtem
599 2950 746 3004 eculeoque
760 2947 842 3001 qente.
