1904 3216
85 189 117 238 42
391 188 552 238 otttttouts

117 305 140 352 2.
149 306 227 365 Atque
238 319 292 366 ego,
302 319 376 367 quam
383 306 430 353 huc
438 304 568 352 consilium
579 304 729 366 collegarum
735 302 854 364 meorum,

87 389 136 437 quo
143 375 264 424 abducere
276 375 367 424 infecta
381 390 408 423 re
420 389 432 421 a
442 374 505 422 Veiis
513 374 648 423 exercitum
655 377 797 433 noluerunt,
806 384 858 425 nott'

86 446 148 493 utile
161 444 246 500 solum,
257 446 386 493 sedetiam
396 443 561 492 necessarium
573 445 659 502 luerit,
670 449 752 506 postea
765 445 857 494 edisse·

86 529 140 563 rum
153 529 158 561 :
172 529 238 562 nunc
248 515 279 563 de
293 516 346 576 ipsa
358 514 499 563 conditione
511 512 596 562 dicere
606 514 767 564 militantium
781 515 852 564 libet.

88 582 165 638 Quam
174 583 319 641 oraticnem,
330 597 379 630 non
395 584 459 645 apud
469 596 511 631 vos
522 583 611 639 solutu,
623 583 753 632 sedetiam
765 584 792 631 in
801 597 857 632 cas·

88 654 133 702 tris
151 653 171 699 si
188 653 318 709 habeatur,
339 655 391 714 ipsc
406 652 512 700 exercitu
528 649 680 713 disceptante
697 651 741 714 (2),
758 664 857 713 ecquam

88 722 197 771 arbitror
219 722 295 771 videri
314 734 398 782 possm
415 722 441 769 in
456 735 504 782 qua
524 721 546 770 si
562 721 623 769 milti
640 719 687 783 ipsi
711 720 776 768 nihil
789 720 857 782 quod

88 793 205 848 dicerem,
221 793 247 840 in
262 795 370 840 mentem
381 791 464 839 venire
477 796 566 853 posset,
581 790 857 840 adversariorumcarte

88 862 241 910 orationibus
251 868 382 910 contentus
389 873 477 908 essem.
488 860 616 921 Negabant
626 873 707 922 nuper
717 860 799 910 danda
804 874 858 910 esse

88 947 139 982 aera
151 931 283 987 militibus,
291 930 485 993 quianunquam
494 931 551 979 data
562 938 654 980 essent.
666 931 774 986 Quonam
784 931 858 980 modo

88 1001 170 1062 igitur
179 1000 375 1062 nuncindtgnari
382 1007 491 1061 possunt,
500 1001 595 1062 quibus
603 1001 763 1063 aliquidncvi
771 1002 859 1062 adiec-

88 1076 143 1118 tum
154 1071 273 1119 commodi
284 1077 324 1126 stt,
340 1069 375 1118 eis
383 1070 494 1117 laborem
504 1071 578 1118 etiam
586 1083 677 1119 nouum
692 1083 737 1132 pro
745 1070 860 1134 portione

89 1141 205 1203 injungi?
223 1141 347 1202 Nusquam
371 1153 417 1187 nec
444 1153 518 1201 opera
538 1141 592 1189 sine
611 1141 794 1196 emolumento,
813 1152 860 1189 nec

89 1213 283 1260 emolumentum
296 1212 375 1259 terme
390 1211 443 1257 sine
457 1213 567 1271 impensa
581 1224 656 1272 opera
668 1218 714 1260 est.
730 1211 807 1260 babor
817 1224 859 1260 aa·

88 1281 228 1342 lupiasque,
243 1281 411 1329 dissimillima
424 1282 521 1336 natum,
536 1281 653 1330 societate
669 1281 776 1343 quadam
792 1281 860 1330 iuter

88 1364 117 1400 se
127 1351 236 1399 naturali
252 1357 310 1399 sunt
325 1350 418 1412 juncta.
438 1349 535 1398 lloleste
549 1358 621 1398 autea
640 1351 738 1400 serebat
750 1354 823 1400 mites
833 1364 861 1400 se

90 1436 136 1471 suc
143 1427 241 1483 sumptu
252 1435 351 1481 operam
361 1420 505 1483 reipublicae
521 1421 632 1482 praebere
644 1436 650 1468 :
661 1421 783 1481 pandebat
794 1422 861 1471 idem

88 1501 186 1553 partem
201 1493 259 1539 anui
274 1506 300 1539 se
316 1505 404 1550 agrum
420 1504 494 1539 suum
511 1493 601 1549 colere,
614 1505 728 1553 querere
744 1492 777 1556 (ὅ)
795 1493 861 1541 unde

90 1560 157 1608 domi
173 1561 318 1622 militiaeque
332 1575 358 1608 se
373 1573 402 1608 ac
417 1573 475 1608 suos
487 1559 554 1607 tueri
570 1567 659 1622 posset.
683 1560 777 1610 Gaudet
793 1573 861 1609 nunc

89 1631 184 1679 fructui
196 1630 242 1678 sibi
251 1631 431 1692 rempublicam
440 1642 503 1686 esse,
512 1635 537 1677 et
546 1629 618 1678 laetus
630 1630 784 1692 stipendium
793 1630 861 1679 acci-

89 1701 144 1762 pit:
155 1715 225 1762 aequo
236 1701 315 1761 igitur
327 1699 527 1762 animopatiatur
536 1713 563 1747 se
575 1699 606 1747 ab
618 1698 699 1758 domo,
708 1700 740 1747 ub
748 1713 778 1748 re
790 1698 861 1748 lami-

89 1771 157 1829 liari,
170 1771 210 1819 cui
226 1770 309 1833 gnaris
322 1771 432 1833 impensa
447 1783 494 1817 nou
509 1776 554 1818 est.
567 1769 651 1830 paullo
658 1769 754 1819 diutius
764 1771 860 1819 abesse.

89 1843 134 1900 An,
157 1842 178 1891 si
198 1842 228 1890 ad
245 1842 352 1890 calculos
374 1855 431 1890 eum
445 1839 587 1903 respublica
609 1847 687 1898 vocet,
705 1855 755 1890 non
769 1840 862 1891 merito

90 1913 157 1961 dicat
171 1928 177 1961 :
190 1928 202 1958 u
216 1914 303 1960 Annua
316 1926 364 1960 aera
381 1914 464 1970 babes,
478 1925 585 1959 annuam
597 1923 699 1970 operum
709 1912 769 1960 edel
785 1914 821 1961 tln
831 1918 862 1961 tu

90 1997 190 2045 aequum
204 1995 288 2032 censes
305 1982 396 2031 militia
414 1981 527 2030 semestri
543 1979 652 2028 solidum
672 1988 695 2029 te
708 1981 862 2044 stipendium

91 2054 220 2115 accipere?
236 2069 248 2100 u

119 2177 153 2218 lll.
162 2177 190 2218 ba
201 2176 272 2218 soldat
284 2181 318 2218 cst
330 2175 426 2230 moyen,
436 2185 522 2216 camme
532 2173 569 2224 tel,
585 2172 601 2214 il
610 2172 657 2215 doit
668 2184 691 2215 ae
706 2173 829 2217 sacrillerd
840 2174 861 2219 ltt

91 2237 199 2280 necessit&
209 2239 236 2281 de
252 2237 273 2279 la
290 2247 383 2290 guerrc;
394 2234 455 2276 vetes
465 2233 521 2276 n'est
530 2246 568 2288 pas
577 2232 629 2275 hicn
639 2233 738 2287 blaignee
747 2234 775 2278 da
784 2234 861 2287 Rome,

91 2306 114 2340 et
125 2300 145 2340 lc
157 2300 255 2341 saci-ilice
264 2298 320 2340 n'est
330 2310 367 2351 pas
378 2296 453 2350 grand.
465 2296 480 2337 ll
491 2309 503 2351 y
513 2308 525 2337 a
535 2307 594 2338 assez
606 2296 726 2351 longtemps
740 2308 785 2351 que
794 2296 863 2340 Rome

92 2366 126 2402 cst
136 2361 223 2410 braue'e,
234 2366 256 2402 et
266 2358 443 2402 d'ailleursleuer
453 2357 473 2398 le
483 2355 543 2410 siege
552 2356 702 2398 semitattirer
710 2356 815 2399 l’ennemi
824 2369 863 2401 sur

92 2433 131 2462 son
148 2433 228 2476 propre
248 2419 370 2469 territoire3
389 2419 474 2460 ensuite
484 2429 528 2471 que
545 2415 573 2458 de
590 2423 680 2458 trauaux
693 2416 862 2461 abandcnndsi

91 2483 266 2524 recommencerl
280 2488 302 2524 et
311 2473 569 2532 t'tbrurte,aujouru·t1ut
580 2477 708 2533 tranquille,
717 2490 745 2521 ne
754 2479 863 2534 peut-elie

93 2556 131 2598 pas
139 2545 197 2586 alors
207 2557 231 2586 se
241 2544 302 2586 lcver
312 2541 465 2586 tcuteutibret

125 2659 148 2707 5.
164 2657 260 2708 Invitus
275 2657 300 2705 in
309 2658 355 2706 hac
366 2661 434 2719 parte
445 2655 575 2712 orationis,
585 2655 702 2713 Quirites,
712 2670 797 2707 moror
808 2672 815 2706 :
828 2656 865 2706 sic

93 2728 160 2776 enim
178 2741 251 2789 agere
265 2729 356 2777 debcnt
369 2727 412 2789 qui
422 2726 577 2776 mercenario
586 2726 666 2775 milite
678 2733 785 2776 utuntur
798 2742 805 2777 :
820 2725 864 2793 lat}

95 2855 187 2907 pain—
202 2853 222 2897 2.
240 2854 394 2909 disceptante,
404 2853 467 2895 c'est·
491 2852 581 2906 buente.
598 2873 625 2882 -
639 2852 659 2895 b.
676 2852 789 2905 Quanta.
807 2865 865 2910 pour

94 2916 164 2959 d-‹lira
183 2915 303 2958 arbitrum
318 2926 348 2958 cu
359 2913 464 2968 judicem
492 2913 621 2966 acquirere,
632 2925 721 2968 gagner.
