1904 3216
445 102 609 161 onsrlonus

143 224 235 286 eosqui
248 225 443 285 reseransque
458 227 500 275 hic
508 226 608 287 quidem
617 225 813 275 contumeliisin
822 227 912 276 eosdr'-

143 297 226 344 cerrdis
235 296 349 358 parcitis3
359 304 455 346 tantum
464 297 534 357 abest
542 302 571 344 ut
577 303 602 345 et
610 295 659 358 ipsi
667 297 715 345 tale
723 296 856 360 quicquam
861 297 915 348 fac·

143 365 193 414 turi
201 366 915 429 fueritis.Ipsahumilitaseorum,Patresflonscripti,quem

143 438 186 486 isti
199 439 326 501 objiciunt,
338 440 444 488 maximo
459 447 607 503 argumento
623 445 659 488 est
673 452 713 486 me
728 438 854 488 neminem
870 441 916 503 qui

144 514 255 558 navatam
262 523 363 572 operam
369 509 514 573 reipublice
521 510 843 567 nostraeveliet,aversatum
851 522 914 561 esse.

144 580 173 628 Et
182 584 314 641 antequam
328 579 469 630 obsiderem
481 579 621 643 Syracusas,
632 592 701 628 nune
714 577 801 638 legatis
809 577 916 628 mitten-

143 649 191 704 dis,
201 663 269 698 nunc
283 649 314 698 ad
325 649 478 712 colloquium
487 650 577 706 eundo,
594 648 686 698 tentavi
699 661 798 709 pacem;
812 654 837 697 et
847 658 916 712 post-

143 732 219 781 quam
232 733 315 782 neque
325 720 419 782 legatos
432 719 541 774 uiolandi
551 718 701 769 verecundia
716 725 778 774 erat,
788 731 836 766 nec
852 719 915 769 mihi

119 843 122 848 ,
143 789 191 852 ipsi
201 803 334 853 congresso
341 793 372 841 ad
380 797 466 854 portas
476 804 534 840 cum
547 788 704 853 principibus
713 800 861 850 responsum
870 788 916 837 da-

143 861 227 916 batur,
240 861 327 911 multis
342 868 409 912 terra
418 862 531 924 marique
540 860 665 910 exhaustis
673 859 915 917 laboribus,tandem

144 932 168 980 vi
185 938 261 994 atque
281 931 357 982 armis
374 933 506 995 Syracusas
523 931 587 993 cepi.
603 933 661 986 Quae
672 930 752 994 captis
766 930 913 990 acciderint,

145 1002 209 1064 apud
215 1001 376 1052 Hannibalem
384 1009 409 1051 et
415 1001 631 1065 Carthaginienses
640 1001 718 1050 victos
724 1000 828 1062 justius,
838 1015 914 1063 quam

144 1071 209 1133 apud
225 1071 328 1121 victoris
341 1073 427 1135 populi
444 1079 566 1128 senatum,
579 1077 754 1133 quererentur.
761 1069 819 1131 Ego,
830 1069 915 1123 Patres

146 1142 292 1205 Conscripti‚
306 1143 437 1205 Syracusas
447 1142 565 1205 spoliatas
579 1143 600 1191 si
609 1147 747 1204 negaturus
755 1154 842 1201 essem,
851 1156 916 1193 nun-

146 1227 221 1276 quam
231 1212 317 1275 spoliis
330 1228 417 1263 earum
424 1215 513 1263 urbem
524 1213 624 1262 Romam
637 1227 797 1262 exornarem:
807 1227 863 1276 quae
873 1229 916 1264 au·

145 1293 195 1332 tem
209 1283 316 1346 singulis
327 1284 407 1334 victor
417 1293 460 1333 aut
471 1283 553 1333 ademi
564 1290 607 1333 aut
616 1284 765 1346 dedi,quum
778 1285 836 1334 beili
845 1284 914 1346 iure,

144 1362 197 1402 tum
212 1367 242 1402 ex
258 1352 379 1416 quusque
395 1353 495 1414 merito,
508 1353 570 1403 sutis
585 1353 637 1403 scio
654 1354 811 1406 medecisse.
826 1354 858 1403 Ea
871 1368 915 1405 uos

144 1429 197 1472 rata
205 1423 416 1478 haheatis‚Patres
425 1423 574 1486 Conscripti,
582 1437 629 1474 nec
635 1437 675 1483 ne,
681 1423 761 1484 magis
770 1424 916 1486 reipublicae

145 1494 250 1542 interest
269 1506 345 1556 quam
361 1507 426 1544 mea.
439 1494 491 1543 iiea
507 1494 598 1557 quippe
618 1493 679 1542 tides
688 1494 797 1541 exsoluta
811 1500 867 1543 est:
884 1495 915 1543 ad

145 1562 326 1624 rempublicam
337 1563 455 1626 pertinet,
464 1578 496 1612 ne
507 1569 560 1613 acta
570 1577 626 1612 mea
639 1563 803 1612 rescindendo
812 1563 874 1613 alios
888 1566 915 1613 in

145 1639 272 1695 posterum
286 1634 414 1697 segniores
423 1636 498 1686 duces
508 1635 613 1684 faciatis.
630 1635 657 1682 Et
668 1633 786 1695 quoniam
795 1646 880 1682 coram
892 1640 917 1683 et

146 1702 283 1752 Siculorum
292 1709 319 1753 et
330 1718 384 1753 mea
393 1706 468 1756 verba
475 1705 589 1762 audistis,
595 1705 681 1753 Patres
687 1703 829 1766 Conscripti‚
839 1704 916 1754 simul

143 1773 236 1836 templo
247 1772 278 1838 (4)
293 1775 450 1833 excedemus,
459 1782 536 1824 utme
544 1776 644 1824 ahsente
656 1773 761 1823 liberius
769 1775 864 1824 consuti
872 1789 915 1824 se-

144 1850 218 1894 natus
231 1845 318 1906 possit.

483 1975 574 2040 mnu

194 2110 251 2175 Gap.
266 2110 307 2160 56.
330 2111 416 2162 Oratio
426 2110 521 2162 Loeuo'ni
533 2110 642 2160 consulis
652 2108 828 2173 dormatqituo
837 2110 872 2159 ad

461 2189 596 2232 senatores.

168 2301 229 2344 Quum
239 2299 263 2338 ad
273 2299 357 2347 remiges
366 2299 435 2338 classis
445 2310 481 2347 aup
495 2299 563 2350 leudos
571 2311 607 2338 neo
616 2299 715 2338 hominum
725 2299 813 2338 autisnoc
825 2306 914 2350 pecunias

146 2347 250 2392 quicquam
261 2344 286 2382 ad
296 2344 415 2427 stipiendium
428 2345 468 2391 inp
479 2392 481 2398 Ι
496 2345 533 2382 hoo
546 2350 608 2386 eam,
623 2345 712 2383 consutas
722 2344 825 2398 edixerunt
839 2350 860 2384 ot
873 2350 915 2394 pri·

145 2394 185 2427 cata
194 2399 216 2426 cc
225 2397 277 2427 cautu
293 2399 314 2427 or
328 2390 426 2434 aaronque
435 2397 513 2439 rentum
523 2388 588 2428 dorent
597 2397 638 2426 cura
647 2389 737 2435 stopanmo
747 2389 864 2442 numaque
875 2390 917 2429 ote·

145 2443 187 2472 rum
196 2436 281 2480 triptota.
292 2433 339 2470 inde
352 2433 551 2485 ir·emitushom1oum
564 2439 583 2469 et
598 2432 712 2514 indiqmssm·
727 2434 806 2483 Postero
816 2433 848 2472 dra
857 2444 917 2472 aena·

147 2481 179 2514 tus
189 2477 213 2514 da
226 2489 248 2515 ea
258 2487 280 2514 ra
293 2478 377 2515 hahetur
387 2488 393 2518 t
403 2477 437 2515 uba
463 2481 495 2515 ost
509 2478 557 2515 atros
569 2478 629 2514 verba
651 2484 689 2516 aen
703 2479 793 2515 insumus
807 2479 876 2518 conani
894 2483 915 2517 et

146 2521 240 2569 exempto,
251 2530 289 2559 non
299 2522 384 2560 decretis
392 2530 443 2568 agen
456 2532 490 2560 um
498 2531 543 2560 asae
552 2521 682 2568 demonstrat,
691 2521 758 2560 dicens
770 2534 774 2556 :

172 2638 217 2688 Qua
226 2639 258 2681 isa
270 2643 377 2695 premiere
390 2639 418 2683 de
427 2629 490 2682 t’titu
500 2639 597 2682 donuent
605 2637 718 2694 l'exemple
736 2637 781 2687 Qua
790 2638 823 2680 les
834 2640 916 2695 magis·

138 2782 202 2820 pour
209 2776 256 2811 tout
266 2782 291 2812 oa
300 2771 338 2825 qui
348 2771 403 2821 suit,
411 2770 432 2812 ln
441 2771 519 2814 Narra-
545 2783 569 2813 sa
578 2770 610 2812 dit
619 2775 710 2812 souvent
725 2768 752 2812 de
768 2767 788 2810 la
804 2769 876 2821 Curre,
886 2771 914 2815 οὺ

128 2827 178 2868 tion
193 2830 299 2874 XXXVIII,
313 2854 344 2867 -
356 2833 377 2878 4.
398 2833 517 2892 Templum
546 2833 567 2879 le
576 2833 752 2880 senatteuaitses
763 2831 861 2879 seroces.
