1904 3216
342 122 384 172 EX
400 122 469 172 tttll
486 121 572 172 ttutto
590 123 689 172 ΧΧῊΙΙ.
843 123 903 177 ,ttt

270 241 350 286 nostes
358 237 487 298 tempore,
495 250 548 293 ono,
557 237 680 293 vestitum.
690 237 802 286 buttitum
810 236 903 286 civium

254 307 340 361 ,factu
355 305 426 354 dicta.
444 305 554 361 consitus,
579 308 676 354 animos
693 308 801 355 bostium
821 308 900 356 video.

241 391 274 425 nn
284 390 335 434 vos,
349 377 398 426 nisi
415 379 481 439 quod
497 378 612 435 {temutes
628 386 652 426 et
668 379 779 426 Lacetani
795 379 839 440 (⁸2),
862 387 900 431 att

227 462 238 495 s
250 447 316 496 eliud
325 454 368 495 eut
379 447 512 509 spemstis'?
526 447 552 494 Et
560 446 596 494 illi
606 453 688 495 tamen
703 448 857 496 Mandonium
867 455 900 496 ab

212 516 327 572 dibitem,
336 517 630 575 reginenubititntisvinos.
638 517 713 565 duces
725 517 818 565 furoris
824 516 900 567 secuti

200 601 261 650 :yos
275 587 442 648 auspiciumet
451 588 584 648 imperium
593 588 623 635 ad
635 587 752 635 Umbrum
771 588 902 643 ttnium,et

183 669 251 705 :num
266 656 362 705 Albium
376 657 507 705 detulistis.
520 657 610 717 degente
622 670 665 705 vos
677 656 702 705 id
716 656 902 714 omnesfeeisse‚

170 740 179 773 ι
189 726 282 775 tectum
296 727 410 782 voluisse,
421 727 512 775 inditus
520 742 527 783 ;
534 740 669 788 paucorum
678 740 737 776 eum
747 727 902 776 furoremat-

135 808 185 859 que
200 797 332 845 amentium
343 810 405 845 esse.
421 796 532 845 Libenter
546 797 645 846 credam
666 798 832 859 negantibus;
858 811 904 847 uec

134 867 241 916 enimes
253 875 311 916 sunt
321 867 461 923 commisso,
473 881 529 927 unte
544 868 643 929 vulgatu
658 867 683 915 in
695 880 793 916 omnum
811 867 904 916 exerci-

136 942 191 985 tum
200 938 254 986 sine
265 937 368 998 piaculis
381 937 525 997 ingentibus
539 939 632 1000 expiari
646 939 741 999 possint
761 937 856 986 invitus
873 951 902 986 ee

135 1015 253 1071 tanquam
264 1009 365 1057 vulnera
376 1009 485 1070 attingo:
500 1010 542 1058 sed
553 1009 601 1057 nisi
613 1017 678 1057 tuctu
695 1015 850 1071 tractatuque
863 1021 902 1057 se-

135 1079 190 1128 mri
197 1091 247 1126 non
253 1085 364 1140 possunt.
377 1078 501 1139 Equidem,
511 1077 590 1140 pulsis
599 1076 905 1139 Hispaniacnrtbaginien-

135 1147 215 1205 sibus,
230 1148 329 1198 nullum
344 1149 425 1197 iocum
440 1149 468 1197 in
484 1155 535 1197 totu
548 1148 681 1210 provincie,
697 1150 777 1197 nultos
792 1149 903 1198 homines

136 1219 269 1269 credebam
285 1232 339 1268 esse
350 1218 392 1267 ubi
406 1219 452 1267 vito
463 1226 524 1268 esset
539 1217 615 1267 invisa
627 1232 681 1267 men
693 1233 700 1275 ;
710 1219 747 1268 sic
759 1232 798 1267 me
808 1233 856 1268 non
864 1233 905 1269 so-

134 1289 188 1339 lum
199 1290 315 1339 adversus
327 1291 404 1338 socios
418 1304 550 1352 gesseram,
558 1290 600 1338 sed
613 1291 687 1338 etiam
699 1290 815 1338 adversus
823 1291 905 1339 bostes

135 1359 166 1409 ln
180 1361 268 1410 castris
287 1374 318 1409 en
331 1362 392 1410 meis
409 1366 539 1423 (quantum
558 1375 597 1410 me
617 1360 700 1423 opinio
715 1360 825 1422 brunin)
841 1362 904 1410 teme

134 1430 224 1480 mortis
236 1445 297 1480 mete
306 1444 354 1479 non
368 1440 467 1493 accepte
477 1433 565 1485 solum,
576 1432 699 1480 sedetiam
709 1438 849 1495 exspectate
858 1438 904 1481 est.

133 1500 186 1550 Non
200 1501 266 1563 quod
278 1514 324 1563 ogo
333 1502 427 1563 vuigoni
444 1502 539 1551 t'ueinus
550 1515 595 1564 per
603 1515 689 1551 otnnes
700 1501 809 1564 telindbt
819 1517 825 1549 ι
835 1501 907 1564 equi-

135 1571 227 1621 demsi
242 1577 323 1620 totum
339 1570 586 1636 exercitum1meum]
609 1580 714 1620 montem
731 1571 793 1619 mibi
809 1576 905 1634 optasse

133 1643 269 1698 medonem,
282 1642 411 1692 biesutin
418 1651 474 1691 ante
484 1643 567 1690 oculus
577 1649 671 1690 vestros
681 1655 792 1690 morerer
800 1658 806 1700 ;
814 1655 860 1690 nee
866 1655 905 1690 mo

133 1712 184 1762 vita
192 1713 292 1775 juvaret
308 1713 384 1761 innsa
396 1713 490 1762 civibus
504 1725 526 1761 et
544 1712 664 1761 militibus
679 1712 747 1760 meis.
762 1712 809 1761 Sed
818 1714 905 1761 multi·

132 1783 194 1832 tudo
212 1784 302 1839 omnis,
312 1785 376 1831 sicut
390 1790 477 1832 natum
496 1781 582 1839 munis,
600 1796 688 1842 perse
708 1782 842 1831 immobilis
856 1790 904 1837 est,

133 1853 201 1903 tenti
209 1861 235 1902 et
243 1853 484 1909 eui-tecient;itnuut
494 1852 658 1915 tranquillum
669 1853 712 1916 (4),
734 1859 777 1901 aut
790 1852 905 1914 proceliae

132 1995 321 2038 coercuerim-
334 1997 354 2039 2.
368 1996 476 2052 [terpaton
485 1999 507 2038 et
535 2003 595 2038 ment
603 1996 630 2038 de
640 1996 703 2038 l'dme
718 1995 814 2051 exprime
827 1996 907 2050 parles

132 2057 251 2106 Lacetani.
271 2058 361 2112 pouples
379 2058 406 2100 de
429 2058 507 2112 l'iispa-
535 2062 590 2099 mots
607 2056 645 2098 tn'c
657 2057 739 2098 statim
757 2060 813 2099 note
831 2057 906 2098 oculos

132 2131 183 2173 gne,
199 2119 253 2162 dans
268 2120 368 2171 l'drnpon
381 2127 403 2163 et
418 2120 436 2161 ln
447 2121 508 2162 Cnto-
535 2122 620 2160 vestros
633 2129 743 2168 morerer,
758 2117 772 2160 il
783 2130 810 2159 no
821 2120 907 2172 pouvnit

132 2181 198 2236 logne
210 2181 376 2236 d'quourd'bui.
386 2205 413 2213 -
424 2183 445 2226 3.
459 2183 507 2226 Non
535 2192 590 2222 nous
608 2181 746 2234 representet·
764 2178 849 2234 Scipion
873 2192 908 2222 re·

132 2240 195 2297 quod
204 2254 245 2297 epo
254 2242 348 2298 sulpuri
362 2242 457 2296 [ocinus
466 2256 509 2298 per
535 2250 615 2284 nonunt
624 2241 755 2284 iroidemeut
765 2241 785 2283 la
796 2247 908 2284 construe-

132 2315 211 2347 omnec
220 2304 289 2347 velim
301 2319 308 2345 :
321 2311 376 2347 cette
390 2305 509 2359 pbrnseest
536 2304 580 2346 tion
590 2304 706 2358 qu'ilnvsit
714 2302 908 2359 commcncdeplut

132 2367 204 2409 suivie
219 2367 247 2409 dc
263 2367 374 2421 plusieurs
391 2368 460 2421 lignes
480 2368 506 2408 do
536 2365 594 2407 baut.
614 2365 670 2408 t'oici
685 2365 706 2407 lu
724 2365 851 2420 conception
863 2366 908 2419 pri-

132 2428 224 2482 phrases
233 2427 408 2471 incidentes.Ces
417 2427 507 2482 phrases
534 2426 609 2467 mitive
624 2426 651 2468 de
665 2432 721 2468 cette
737 2425 842 2480 perinde:
859 2427 907 2469 Non

133 2489 254 2539 ectheseos,
282 2489 387 2533 l'onuteur
424 2488 506 2531 semble
535 2486 586 2530 dico
597 2489 706 2530 incastris
720 2487 908 2544 meis,quodepo

134 2552 196 2595 avoir
214 2550 288 2594 oubtie
306 2551 326 2594 le
350 2552 465 2606 premidne.
486 2557 507 2592 et
534 2549 902 2606 outonrt'peromoesbocsccimu

133 2614 237 2657 continue
256 2625 296 2668 pur
312 2626 355 2656 une
377 2619 425 2656 tout
444 2619 506 2655 autre
536 2612 620 2653 velim:
636 2611 676 2654 sed
692 2611 738 2655 bac
751 2624 802 2655 mec
818 2617 904 2656 senten-

134 2682 247 2719 tournure.
258 2675 319 2718 cette
329 2676 475 2730 interruptioni
485 2680 507 2716 et
535 2673 570 2715 tio
583 2676 624 2724 est,
641 2685 657 2715 o
671 2673 755 2728 potede
773 2674 904 2717 auctoribus

134 2736 313 2792 cecbungement
321 2737 348 2780 de
360 2736 507 2780 construction
534 2734 565 2777 nd
582 2738 671 2777 ceterae
689 2735 752 2778 vetut
770 2735 905 2791 contupion'e

134 2803 184 2841 sont
195 2810 226 2840 un
237 2797 290 2840 edet
308 2797 335 2839 de
352 2798 400 2840 t'nrt
413 2798 439 2840 de
451 2797 508 2839 Tite·
533 2796 633 2851 duciae.
655 2821 682 2829 -
699 2797 721 2841 b.
744 2797 917 2851 Trunqutttum

134 2856 194 2901 bine.
209 2858 276 2912 Apsus
293 2858 314 2900 le
335 2869 400 2912 grave
418 2871 509 2903 mouve-
536 2873 593 2918 pour
610 2860 786 2918 trunqu'tlt'ttos
811 2870 846 2901 ou
860 2860 933 2899 trou-
