1904 3216
104 222 152 277 266
416 223 577 275 ORthONES

135 342 168 399 Si,
183 354 212 389 ex
230 354 279 402 quc
293 339 435 403 trajecimus
449 341 476 389 in
487 340 614 408 Graeciam,
623 337 752 391 adhibitus
763 355 841 392 essem
848 343 876 393 in

103 411 242 469 consilium,
257 425 334 473 quum
350 411 380 460 de
391 411 490 468 Euhoea,
503 411 533 459 de
543 411 646 467 Achaeis,
661 412 692 461 de
704 412 797 461 Boeotia
814 426 876 476 age·

101 485 177 533 batur
187 483 304 542 3eandem
313 483 463 532 sententiam
476 483 602 538 dixissem.
620 497 695 547 quam
705 482 788 540 hodie,
797 499 875 546 quum

102 555 134 606 dc
148 555 271 605 Thessalis
288 555 381 616 agitur,
399 554 489 603 dicam.
512 555 574 604 hnte
592 551 675 604 omnia
691 556 831 619 Philippum
849 566 874 607 ct

103 627 243 676 llacedonas
253 625 314 674 belli
325 625 353 674 in
363 625 507 675 societatem
516 639 672 689 quacumque
683 627 780 677 ratione
790 642 875 679 censeo

101 697 255 747 deducendos
268 709 330 745 esse.
345 696 405 744 llam
426 696 494 758 quod
517 696 548 746 ad
567 696 683 746 Euhoeam
697 697 875 761 Boeotosqueet

102 768 228 817 Thessalos
241 767 337 825 attinet,
351 766 391 815 cui
404 766 510 816 dubium
524 771 561 816 est
573 767 644 829 quin,
657 773 685 815 ut
697 767 788 831 quihus
800 771 874 819 nullae

101 852 153 888 suae
173 837 240 886 vires
261 836 320 895 sint,
342 837 506 899 praesentibus
529 837 652 888 adulando
673 850 777 900 semper,
799 853 875 900 quem

101 916 195 958 metum
205 907 232 957 in
248 907 354 958 consilio
366 907 481 966 habeant,
495 907 582 957 codem
599 907 629 956 ad
641 907 821 970 impetrandam
833 924 875 960 re-

100 979 169 1028 niam
178 978 298 1028 utantur‘l
310 992 338 1027 ac
350 976 425 1028 simul
434 977 469 1041 (l)
478 979 616 1027 Romanum
625 978 761 1027 exercitum
773 979 874 1029 inGrae-

101 1048 138 1098 cia
153 1047 269 1105 viderint,
282 1048 313 1096 ad
326 1052 470 1098 consuetum
486 1047 621 1109 imperium
636 1061 662 1096 se
683 1051 816 1098 avertant?
828 1064 874 1100 nec

100 1117 134 1168 iis
144 1119 224 1167 noxiae
236 1118 353 1167 futurum
367 1117 410 1173 sit,
424 1116 499 1178 quod,
509 1129 588 1178 quum
599 1116 701 1165 Romani
710 1118 795 1178 procul
804 1119 874 1167 ahes-

100 1194 165 1247 sent,
174 1188 223 1237 rim
242 1194 314 1238 tuam
333 1187 463 1249 presentis
476 1185 650 1248 exercitusque
662 1187 700 1235 tui
713 1188 818 1249 experiri
829 1203 874 1238 no-

100 1259 217 1310 luerint?
231 1260 326 1317 Quanto
341 1257 420 1318 igitur
435 1255 509 1319 prius
524 1257 654 1318 potiusque
667 1263 713 1313 est,
732 1258 872 1321 Philippum

100 1329 171 1380 nobis
187 1329 346 1392 conjungere,
361 1340 437 1388 quam
454 1326 516 1376 hosi
530 1326 580 1386 cui,
600 1327 622 1376 si
636 1330 714 1377 semel
732 1329 757 1376 in
772 1343 873 1379 causam

100 1401 262 1454 descenderit,
272 1397 335 1446 nihil
344 1396 436 1458 integri
448 1398 560 1445 futurum
567 1397 599 1446 sit
608 1396 653 1459 (l),
663 1398 872 1459 quiqueeasvires

99 1471 196 1528 alferat,
212 1483 268 1531 quae
281 1481 329 1517 non
341 1467 448 1515 accessio
461 1473 559 1515 tantum
570 1468 600 1515 ad
609 1468 748 1517 Romanum
761 1483 813 1517 esse
821 1472 873 1520 hel-

99 1541 162 1602 lum,
174 1541 215 1589 sed
221 1552 266 1601 per
277 1551 303 1586 se
311 1537 372 1599 ipsae
384 1550 465 1599 nuper
471 1538 595 1587 sustinere
604 1538 730 1598 potuerint
740 1540 871 1592 llomanos.

99 1609 150 1660 lloc
165 1623 210 1671 ego
224 1609 339 1671 adjuncto
352 1607 422 1669 (absit
439 1609 515 1657 verbo
529 1607 621 1656 invidia
635 1609 680 1671 (5)!
698 1610 741 1670 qut
757 1609 872 1663 dubitare

99 1681 129 1730 de
146 1685 237 1729 eventu
253 1678 363 1742 possim‘l
379 1691 466 1739 quum,
482 1677 572 1739 quihus
593 1676 710 1727 adversus
729 1679 871 1742 Philippum

99 1750 222 1801 valuerint
237 1749 350 1807 Romani,
366 1748 405 1798 his
421 1761 488 1797 nunc
506 1747 560 1796 lore
574 1747 671 1799 videam
685 1754 713 1797 ut
727 1750 774 1811 ipsi
789 1765 872 1815 oppu-

98 1827 215 1885 gnentur.
225 1821 308 1877 AEtoli,
319 1820 363 1881 qui
370 1819 510 1882 Philippum
516 1818 593 1882 (quod
601 1818 758 1871 interomnes
765 1824 869 1886 constat)

99 1893 220 1951 uicerunt,
237 1904 295 1942 cum
318 1892 431 1954 Philippo
445 1890 562 1940 adversus
576 1891 697 1942 llomanos
716 1898 870 1956 pugnabunt.

98 1963 253 2027 Amynander
267 1969 341 2025 atque
356 1962 519 2011 Athamanum
530 1973 599 2021 gens,
614 1976 721 2025 quorum
734 1966 872 2016 secundum

99 2034 189 2083 AEtolos
198 2033 305 2098 plurima
313 2032 361 2083 luit
375 2044 449 2094 opera
458 2031 485 2080 in
496 2044 526 2080 eo
537 2031 611 2089 hello,
620 2032 750 2082 nobiscum
761 2036 870 2084 stabunt.

99 2105 227 2168 Philippus
242 2109 306 2161 tum,
319 2109 344 2152 te
355 2102 450 2164 quieto,
461 2106 538 2150 totam
549 2103 642 2150 molem
652 2103 870 2155 sustinebathelli:

98 2189 166 2225 nuuc
181 2177 230 2224 duo
244 2174 346 2222 maximi
360 2187 441 2236 reges,
463 2172 526 2221 Asiae
542 2172 692 2236 Europaeque
709 2175 814 2232 viribus,
828 2176 872 2225 ad-

99 2259 186 2296 versus
198 2257 276 2295 unum
288 2246 416 2307 populum,
428 2243 553 2308 lutmeam
561 2248 693 2306 utramque
699 2245 733 2308 (4)
745 2246 871 2295 fortunam

124 2394 213 2437 culvll.
224 2396 245 2438 l.
255 2394 468 2446 Acaimul‚correo-
495 2405 523 2436 on
537 2399 570 2435 eat
584 2404 663 2436 encore
677 2393 741 2445 libre,
756 2394 828 2448 quand
842 2408 870 2438 on

99 2457 144 2498 tion
161 2456 188 2498 ‹la
205 2455 304 2499 Grouore
322 2468 379 2511 pour
396 2455 468 2499 aimul
495 2453 601 2509 n'estpas
613 2454 696 2508 eugaqe
706 2454 760 2497 dans
777 2468 821 2497 une
838 2456 870 2497 al·

98 2530 134 2565 nc,
145 2517 183 2571 qui
193 2529 220 2558 nc
229 2519 331 2560 convient
340 2529 378 2571 pas
388 2517 423 2560 ici.
433 2517 469 2560 si·
496 2517 558 2558 laire.
568 2538 595 2548 -
611 2516 631 2559 3.
644 2515 708 2560 rosit
725 2515 793 2559 verbo
809 2517 870 2558 inru-

99 2577 148 2621 mul
164 2583 297 2621 estsourent
311 2577 409 2634 employa
421 2578 469 2620 seul
497 2579 546 2630 dia,
561 2579 641 2629 aavoir,
656 2578 749 2622 invidia
766 2579 868 2630 deurrcrn,

98 2652 153 2695 pour
173 2639 293 2682 simulac.
309 2664 337 2673 -
355 2639 375 2682 2.
393 2640 468 2684 eut...
497 2641 546 2684 idco
560 2654 599 2685 sur
615 2642 710 2697 laquelle
727 2655 782 2684 nous
801 2655 869 2685 avons

98 2700 160 2744 nihil
172 2701 469 2758 inteqrisuturumsit,qui
496 2705 529 2747 dit
547 2717 579 2747 un
596 2711 643 2747 mot
661 2706 715 2748 dans
734 2705 754 2747 la
775 2711 824 2747 nota
843 2705 870 2748 12

98 2765 469 2818 nepourraplusreculer(comme
496 2765 526 2808 du
553 2766 608 2808 llisc.
635 2764 719 2809 cxliv.
747 2789 774 2798 -
794 2768 814 2808 l.
841 2767 869 2810 ut

98 2825 118 2868 la
133 2831 354 2880 peuveuletcomma
368 2826 469 2869 leserunt
496 2839 570 2869 meum
605 2839 712 2875 urmuouu
746 2830 868 2883 fortunam

95 2886 129 2928 les
139 2885 219 2939 Grecs).
230 2885 261 2928 On
269 2886 301 2929 dit
309 2886 368 2928 milri
378 2890 411 2930 eat
430 2886 467 2930 in·
497 2890 594 2930 taccam.
613 2887 695 2940 Duker,
705 2902 736 2932 uu
752 2890 790 2932 des
807 2889 869 2931 ureil-

82 2944 381 3005 tqrumoureainteprq
391 2947 468 3008 quand
495 2949 871 3000 leuraauruateuuuelue-u'ue.
