1904 3216
124 187 171 238 258
427 187 590 237 onartonns

479 353 545 405 CLXI

56 528 58 532 ¹
123 475 180 538 cap.
195 475 235 527 49.
249 474 334 526 Oratio
343 475 368 524 T.
376 474 486 536 Quinctii
495 477 635 526 Flaminini
643 492 675 528 en·
681 450 811 543 provincia
827 478 899 528 dece·

220 545 313 604 dentis,
326 545 362 594 od
374 547 481 596 Groecos.
495 548 550 611 (558
565 549 603 610 lt,
616 549 662 598 tot
677 563 714 598 nr.
728 549 803 612 J.-c.)

147 665 204 704 veris
213 665 268 703 initio
277 667 346 704 consul
355 665 466 705 &nulnum
475 672 573 706 conventu
581 668 647 707 edicto
655 670 715 714 venit,
725 673 746 707 et
755 671 839 709 omnium
848 671 897 709 civi-

124 713 188 748 totum
199 710 305 759 legationes
315 712 335 748 in
344 712 530 765 conciontslmodum
540 713 706 765 circumlusasest
716 714 818 760 allocutus,
826 716 892 766 singu-

124 754 188 793 larum
197 765 264 792 rerum
274 760 452 794 commemorationi
461 756 504 795 boc
512 757 619 806 wiredus
626 760 719 798 oonsilio:

154 870 251 914 Preuves
263 877 285 914 et
293 883 421 914 assurances
431 872 457 915 de
467 871 553 916 liberte.
564 897 591 906 -
599 873 686 917 Henace
696 873 802 918 indirecte
811 888 840 918 en
848 888 898 931 rar>

124 932 230 990 pelantle
246 934 367 977 chdtiment
381 934 419 977 des
433 923 537 979 litoliens.
548 936 722 979 -Exhortation
738 937 781 980 lla
790 939 900 982 concorde

126 995 169 1038 eti
179 994 200 1038 la
211 994 355 1047 moderatior,
363 996 472 1049 premiere
482 997 580 1051 garantie
590 997 617 1040 de
627 997 648 1040 la
658 997 742 1041 liberte'.

65 1152 68 1157 .
156 1110 280 1161 Proficisci
290 1110 336 1169 sibi
347 1110 372 1158 in
386 1109 492 1167 Italiam,
508 1119 583 1175 atque
595 1124 694 1161 omnem
704 1111 840 1161 exercitum
857 1113 898 1161 de·

124 1181 266 1245 portaredn
276 1181 425 1229 animoesse.
439 1181 602 1231 demetriadis
610 1181 644 1244 (l)
658 1180 898 1243 Chalcidisqueprae-

123 1251 187 1301 sidia
201 1251 266 1301 intra
280 1251 403 1300 decimum
420 1251 487 1300 diem
503 1252 635 1302 audituros
649 1252 774 1302 deducta:
791 1252 897 1301 Acroco-

124 1323 239 1372 rinthum
251 1320 312 1383 ipsis
325 1322 447 1384 extemplo
458 1322 600 1372 videntibus
611 1336 712 1371 vacuam
725 1323 817 1372 Achaeis
824 1322 898 1372 tradi·

123 1399 211 1442 turum
223 1409 229 1441 ι
241 1400 270 1442 ut
283 1406 368 1442 omnes
391 1393 493 1451 scirent,
510 1400 598 1444 utrum
615 1394 738 1450 Romanis,
755 1408 786 1442 an
804 1393 896 1450 AEtolis‚

123 1461 225 1510 mentiri
246 1475 301 1511 mos
320 1470 397 1520 esset;
421 1463 464 1524 qui
484 1465 549 1513 male
576 1463 731 1513 commissam
755 1463 898 1512 libertatem

124 1533 215 1594 populo
231 1533 339 1581 Romano
355 1533 512 1583 sermonibus
529 1533 676 1583 distulerint
686 1533 730 1596 (2),
744 1538 770 1580 et
790 1537 898 1580 mutatos

123 1614 170 1664 pro
180 1602 352 1652 Macedonibus
367 1603 486 1652 Romanos
501 1602 623 1652 dominos.
639 1602 685 1651 Sed
702 1601 760 1658 illis,
775 1615 821 1650 nec
836 1601 897 1663 quid

81 1708 82 1712 ,
124 1672 242 1729 dicerent,
255 1687 301 1721 nec
323 1673 383 1734 quid
408 1674 526 1731 lacerent,
546 1672 679 1735 quicquam
693 1684 805 1731 unquam
827 1672 897 1732 pensi

90 1758 94 1763 ·
124 1740 209 1791 inisse.
226 1742 341 1806 Reliquas
356 1743 467 1793 civitates
485 1748 680 1800 munerantes
699 1742 778 1797 lactis,
804 1755 854 1790 non
869 1757 899 1791 ex

124 1811 206 1868 dictis,
224 1812 317 1862 amicos
334 1823 456 1875 pensent:
472 1812 671 1874 intelligantque,
685 1808 777 1873 quibus
799 1811 899 1859 creden-

85 1881 88 1886 '
124 1882 193 1938 dum,
206 1888 255 1932 eta
272 1884 364 1945 quibus
378 1884 510 1933 cavendum
525 1883 565 1932 sit.
582 1882 704 1932 Libertate
718 1879 813 1929 modice
823 1887 898 1929 utan-

107 1961 110 1969 '
125 1950 351 2012 tur.'lemperatam
364 1966 426 2015 eam,
440 1952 565 2000 salubrem
574 1950 713 2012 etsingulis
722 1957 747 1998 et
756 1949 900 1999 civitatibus

125 2034 195 2070 esse:
211 2020 322 2081 nimiam,
340 2027 365 2070 et
384 2021 440 2070 aliis
459 2035 559 2082 gravem
582 2027 608 2069 et
632 2020 700 2081 ipsis,
719 2020 761 2081 qui
782 2019 897 2076 habeant,

123 2093 271 2141 effrenatam
289 2099 314 2140 et
325 2091 480 2155 praecipitem
493 2089 526 2154 (ὅ)
535 2090 746 2141 esse.Concordiae
757 2089 900 2139 incivitati-

122 2161 170 2210 bus
180 2162 305 2225 principes
314 2169 339 2210 et
350 2162 451 2211 ordines
464 2162 531 2210 inter
543 2176 578 2218 se,
590 2169 615 2210 et
629 2162 655 2210 in
668 2175 799 2210 commuue
813 2174 900 2210 omnes

123 2231 244 2289 civitates,
254 2234 420 2280 consulerent.
433 2231 556 2280 Adversus
563 2231 746 2280 consentientes
757 2244 803 2279 nec
813 2243 899 2291 regem

124 2300 456 2362 quenquamsatisvalidum,
469 2313 515 2348 nec
528 2307 659 2360 tyrannum
672 2300 736 2347 lore.
745 2299 899 2348 Discordiam

124 2375 149 2419 et
167 2370 314 2419 seditionem
339 2369 423 2418 omnia
449 2375 589 2431 opportuna
610 2369 785 2419 insidiantibus
806 2369 899 2424 lacere,

124 2452 203 2501 quum
217 2454 284 2501 pars,
295 2453 350 2501 quae
366 2439 500 2488 domestico
512 2439 652 2488 certamine
665 2439 770 2490 inferior
791 2439 834 2496 sit,
858 2452 899 2486 ex-

123 2514 195 2557 terno
209 2511 289 2571 potius
303 2525 329 2558 se
339 2510 455 2572 applicet.
467 2523 541 2570 quam
554 2510 603 2559 civi
618 2510 696 2559 cedat.
713 2510 807 2559 Alienis
820 2508 899 2558 armis

122 2584 228 2641 partam,
245 2587 343 2629 externa
353 2581 400 2630 lide
409 2579 531 2629 redditam
546 2581 689 2630 libertatem
699 2595 744 2630 sua
752 2584 897 2629 curacusto-

150 2709 215 2756 citt.
241 2713 261 2756 l.
287 2715 422 2766 Demetrias,
442 2714 494 2758 ville
521 2738 548 2747 -
571 2713 592 2757 i.
617 2714 766 2758 Semonibus
785 2712 893 2767 differre,

123 2775 203 2817 londde
218 2787 258 2829 par
273 2774 398 2818 Demetrius
413 2775 496 2819 Polion
522 2775 896 2830 repandre(toujoursenmauvaise

124 2837 178 2887 cele,
189 2837 243 2879 dans
259 2836 280 2878 la
295 2836 405 2879 Thessalie
414 2835 496 2890 (Pelas-
522 2838 590 2892 parm
603 2837 630 2880 de
640 2838 659 2879 ld
670 2837 794 2880 ddcrler.-
802 2836 822 2879 5.
834 2836 896 2881 Prn-

115 2898 217 2951 fflotide),
228 2909 276 2940 non
284 2897 332 2941 loin
342 2898 369 2942 de
377 2897 494 2951 urgetsic.
522 2899 626 2949 capitem.
636 2900 780 2948 dannereuse.
