1904 3216
304 215 342 264 EX
358 215 427 263 LlVll
445 214 530 265 lieno
547 213 647 264 xxxiv,
813 215 862 259 tlt!

88 327 212 376 vertenda,
227 335 306 385 erant,
324 329 396 377 istam
417 330 497 390 legem
518 329 647 389 scripsisse
661 325 720 388 (15),
744 331 795 374 tam
814 325 858 373 diu

88 411 240 454 mansuram,
256 413 330 460 qnam
342 399 386 447 diu
402 413 475 448 causa
489 400 625 448 scribendae
639 397 699 457 lepis
711 395 855 444 mansisset!

87 468 147 517 Nam
158 469 188 527 si,
203 483 258 531 quac
270 477 330 517 tunc
348 469 465 531 temporis
477 483 551 518 causa
566 474 608 516 aut
625 466 733 516 decrevit
747 471 855 519 senatus,

86 546 130 590 aut
139 540 245 603 populus
252 540 334 602 jussit,
343 540 369 588 in
384 546 530 603 perpetuum
544 539 637 588 servari
649 542 753 600 oportet,
761 550 806 586 cur
814 549 858 599 pe-

87 610 173 658 cunias
182 609 308 657 reddimus
316 610 430 671 privatis!
450 622 497 658 eur
507 608 606 670 publica
621 605 736 668 praesenti
747 605 855 668 pecunia

87 678 208 727 locamus!
224 692 270 728 cur
281 679 348 727 servi
360 680 403 738 qui
416 679 531 735 militent,
543 691 591 727 non
605 677 735 727 emuntur!
751 689 797 726 cur
805 675 857 740 pri-

88 748 139 798 vati
150 763 201 798 non
211 749 299 799 damus
308 750 425 811 remiges,
441 749 506 799 sicut
517 757 577 798 tuno
589 749 718 799 dedimus!

120 817 209 868 Omnes
227 817 269 867 alii
287 818 398 877 ordines,
413 832 499 868 omnes
517 819 630 868 homines
647 816 812 867 mutationem
829 815 857 865 in

88 886 216 937 meliorem
222 894 313 938 statum
323 888 594 951 reipublicaesentient:
603 887 754 950 adconjuges
761 890 858 935 tantum

88 959 256 1020 nostraspacis
265 964 289 1007 et
299 957 486 1020 tranquillitatis
495 958 602 1020 publicae
611 958 708 1006 fructus
716 969 766 1005 non
776 968 858 1017 pervc-

88 1028 158 1078 niet?
168 1030 279 1091 Purpura
294 1028 341 1077 viri
352 1035 462 1088 utemur,
472 1029 610 1093 praetextati
622 1029 648 1077 in
659 1027 856 1089 inagistratibus,

87 1097 115 1148 in
123 1099 280 1156 sacerdotiis;
293 1100 366 1149 liberi
373 1099 453 1149 nostri
461 1101 701 1162 praetextispurpura
712 1097 778 1158 togis
788 1104 857 1145 uten·

88 1174 142 1227 tur,
158 1170 346 1231 magistratibus
357 1171 382 1219 ia
392 1170 497 1220 coloniis
507 1169 713 1231 municipiisque,
723 1167 765 1216 hic
774 1167 858 1216 Romae

87 1239 173 1290 infimo
187 1241 286 1301 generi,
300 1241 426 1301 magistris
443 1241 556 1289 vicorum
573 1241 633 1303 (16),
648 1245 714 1301 togae
734 1243 858 1301 praetextae

87 1311 206 1360 habendae
213 1311 256 1372 jus
266 1311 453 1374 permittemus3
468 1324 513 1360 nec
524 1311 551 1359 id
563 1315 591 1359 ut
602 1309 652 1359 rivi
662 1309 743 1358 solum
752 1308 858 1356 habeant

87 1387 183 1430 tantum
192 1381 299 1443 insigne,
311 1381 438 1431 sedetiam
449 1387 479 1431 ut
486 1394 543 1431 cum
554 1394 584 1429 eo
594 1384 737 1430 crementur
745 1376 839 1427 mortui
850 1393 857 1442 ς

86 1451 185 1500 leminis
195 1452 313 1501 duntaxat
325 1464 522 1513 purpuraeusum
533 1448 728 1499 interdicemus!
737 1455 770 1506 et,
780 1461 859 1510 quum

87 1521 132 1571 tibi
144 1522 199 1571 viro
210 1523 284 1571 liceat
291 1535 402 1584 purpura
414 1521 439 1570 in
449 1526 516 1570 veste
525 1521 634 1582 stragula
648 1520 694 1576 uti,
705 1524 810 1567 manem
819 1517 859 1567 la-

86 1591 161 1640 miliae
171 1598 241 1641 tuam
252 1605 407 1654 purpureum
422 1591 557 1641 amiculum
566 1592 657 1640 habere
671 1604 720 1640 non
733 1588 818 1641 sines!
831 1595 857 1639 et

86 1675 166 1723 equus
179 1668 237 1711 tuus
250 1662 386 1724 speciosius
394 1661 516 1711 instratus
526 1661 582 1719 erit,
592 1675 668 1724 quam
679 1674 742 1710 uxor
755 1658 858 1710 vestita!

87 1731 285 1794 Sedinpurpura
293 1747 349 1795 quae
355 1733 454 1789 teritur,
462 1732 737 1793 absumitur‚injustam
745 1731 855 1794 quidem,

86 1803 128 1852 sed
144 1803 358 1864 aliquantarum,
376 1817 475 1852 causam
491 1803 628 1852 tenacitatis
642 1803 713 1852 rideo
730 1819 737 1850 ε
754 1802 781 1851 in
794 1815 857 1852 auro

85 1887 153 1930 vero,
160 1873 240 1934 inquo
246 1880 335 1934 praeter
341 1888 427 1923 manus
433 1873 541 1936 pretium
548 1873 595 1938 (tt)
606 1873 670 1922 nihil
678 1873 857 1923 intertrimenti

85 1942 123 2003 nt,
132 1958 188 2007 quae
200 1943 341 2005 malignitas
350 1943 402 1993 est!
412 1943 558 1993 Praesidium
569 1943 652 2006 potius
664 1943 691 1992 in
702 1957 732 1993 eo
745 1949 782 1993 est
791 1948 816 1992 et
825 1943 856 1992 ad

85 2013 195 2076 privatos
208 2015 273 2062 etad
286 2014 398 2076 publicos
410 2027 477 2071 usus,
491 2011 555 2062 sicut
566 2011 661 2075 experti
673 2011 742 2060 estis.

86 2196 456 2253 15.Inopiam(c'estlesujetdela
483 2197 528 2241 lite
553 2197 592 2240 des
622 2196 673 2239 ludi
697 2196 850 2253 compitalieie

85 2259 197 2313 phrase)...
220 2260 293 2303 letam
314 2259 385 2314 legem
399 2259 458 2302 scri·
484 2258 644 2314 Quelques·uns
676 2265 767 2314 pensent
792 2261 857 2316 qu'ils

86 2320 163 2373 psisse.
180 2321 208 2363 Ca
225 2332 314 2375 passage
326 2319 422 2374 reppelle
436 2320 456 2363 la
484 2321 558 2363 iurent
567 2320 668 2363 instituta
678 2333 717 2376 par
726 2321 857 2376 l'empereur

86 2388 131 2424 mot
140 2382 168 2425 de
182 2382 286 2425 l'oratcur
295 2381 457 2438 Hyperide,que
484 2384 593 2438 August&
611 2384 666 2424 mais
690 2384 747 2435 rien,
764 2383 817 2427 daus
836 2384 857 2427 le

86 2443 169 2499 Longin
188 2446 230 2487 cite
246 2456 331 2487 comme
348 2444 457 2488 tres-heu·
484 2457 573 2500 passage
589 2445 617 2488 de
633 2444 727 2489 Suetone
735 2446 761 2501 (c.
772 2445 806 2500 50)
812 2458 856 2502 que

85 2517 139 2550 reux
156 2519 162 2548 t
181 2515 243 2550 ‘ree-‚e
267 2515 289 2549 ee
308 2512 398 2563 ψήφισμα
422 2515 457 2563 οὐχ
484 2507 526 2549 l'on
544 2508 599 2558 cite,
618 2507 763 2552 n'autorised
785 2510 856 2552 croire

85 2576 96 2610 e
111 2577 173 2626 percep
188 2570 274 2626 ἔγραψα,
285 2576 328 2612 αλλ·
344 2581 355 2621 q
374 2579 392 2612 n
407 2577 456 2612 xer·
483 2569 548 2624 qu'ils
565 2581 593 2612 ne
612 2569 686 2612 datan!
701 2581 745 2624 que
759 2570 786 2613 de
799 2578 856 2616 cette

87 2640 152 2688 punem
168 2639 228 2687 μάχη.
243 2631 308 2674 lione
323 2631 394 2688 legem
410 2644 457 2675 non
485 2631 575 2687 dpoque.
602 2655 629 2664 -
648 2633 682 2676 ll.
706 2633 786 2676 Manus
801 2646 857 2690 pre·

86 2695 168 2736 erotes-
176 2693 244 2744 tulit,
254 2693 294 2736 aed
303 2693 458 2739 cherronensis
485 2694 553 2746 tium,
569 2695 744 2751 manupretium
761 2709 790 2739 ou
806 2710 856 2740 mo·

83 2765 172 2809 pugno.
182 2778 210 2785 -
222 2755 255 2798 16.
273 2755 380 2811 llapistri
394 2755 457 2800 vieo·
483 2756 622 2812 nipretirem,
643 2758 663 2800 la
679 2757 853 2801 main-d'oeuvre.

86 2827 147 2867 mm,
156 2817 233 2872 espace
247 2818 404 2872 d'inspecteurs
417 2819 455 2862 des
483 2818 860 2874 lleliqnitaasigniticiciparcimu

86 2880 196 2934 quartiars
214 2879 241 2922 de
257 2881 277 2922 la
295 2880 353 2923 ville.
363 2881 392 2924 lls
404 2893 456 2938 por-
482 2881 877 2940 nie,dem!meqilontrouaemo·

86 2941 152 2983 taient
171 2941 192 2983 le
216 2946 265 2997 loge
283 2942 383 2998 pretenta
406 2945 454 2991 dle
487 2945 892 3007 liguasdanstasaasaspaapet·
