1906 3690
97 158 128 207 22
401 156 564 208 dannanus

98 273 201 323 civitatis
213 272 291 322 civem
310 274 448 322 Romanum
463 271 502 321 die
516 270 581 320 dicta
592 271 729 332 postulare,
741 276 771 319 ut
783 270 868 320 dicere

97 343 179 400 liceat,
192 349 221 390 ut
240 343 362 401 judicium
373 342 457 406 populi
477 341 579 390 Romani
592 341 697 402 experiri
708 355 715 398 ;
728 341 826 390 nonita
841 354 867 390 se

96 414 214 462 invidiam
225 413 392 474 pertimuisse,
404 420 433 461 ut
444 412 508 461 nihil
522 412 547 460 iu
560 413 675 473 aequitate
685 416 712 458 et
725 410 868 459 misericor·

96 483 137 532 dia
148 484 240 533 civium
253 498 354 533 sucrum
366 483 418 546 spei
430 484 526 532 habeat.
542 483 609 540 Quod
618 481 637 530 si
650 481 742 529 indicia
754 495 830 529 causa
841 481 866 529 in

95 553 193 602 vincula
203 555 317 609 ducatur,
330 554 422 602 iterum
435 567 460 601 se
473 553 588 602 tribunos
604 552 682 613 plebis
694 551 829 612 appellare,
843 556 867 599 et

95 634 196 669 monere
203 635 234 668 ue
241 620 373 670 imitentur
381 635 442 683 quos
449 622 555 670 oderint.
567 621 633 677 Quod
642 620 663 668 si
671 619 767 668 tribuni
779 619 864 668 eodem

95 687 862 751 loedereobligalossefateanturtollendaeappellationiscausa,

95 760 121 808 in
130 774 205 822 quam
212 760 364 822 conspirasse
373 761 524 809 decemviros
531 759 655 808 criminati
667 759 729 817 sint;
740 765 799 809 atae
810 773 865 822 pro·

96 842 181 880 vocare
192 831 221 879 ad
232 831 364 892 populum;
377 831 511 893 implorare
525 830 591 890 leges
601 830 631 878 dc
643 829 827 892 provocatione,
838 835 863 879 et

93 900 236 949 consulares
248 905 272 949 et
282 900 436 956 tribunitias,
445 913 473 949 eo
485 899 539 960 ipso
552 913 615 947 anuo
626 900 696 948 latus.
710 899 788 955 Quem
795 899 862 948 euim

92 975 290 1031 provocaturum,
303 970 325 1018 si
344 971 389 1018 hoc
404 969 554 1026 indemnato,
568 969 658 1018 indicta
671 982 745 1018 causa
767 982 816 1018 non
833 969 863 1018 li-

93 1041 164 1088 ceat?
177 1040 217 1088 cui
230 1041 325 1101 plebeio
346 1046 371 1088 el
382 1039 473 1088 humili
488 1040 632 1102 praesidium
645 1039 672 1087 in
691 1039 790 1102 legibus
800 1040 861 1100 iore,

93 1109 115 1157 si
127 1109 203 1171 Appio
213 1108 311 1158 Claudio
320 1123 370 1158 non
381 1110 434 1158 sill
448 1109 478 1157 Se
487 1110 633 1158 documento
640 1109 762 1161 futurum.
776 1114 861 1157 utrum

91 1179 161 1228 novis
171 1179 269 1238 legibus
279 1179 414 1228 dominatio
420 1193 452 1228 an
462 1179 565 1228 libertas
576 1178 675 1227 firmata
688 1178 721 1227 sit
727 1194 734 1234 ;
745 1186 770 1226 et
779 1177 861 1240 appel·

91 1249 151 1297 latio
172 1248 363 1310 provocatioque
384 1248 501 1296 adversus
526 1246 645 1309 injuriam
673 1247 861 1310 magistratuum

91 1323 210 1368 ostentata
224 1323 321 1367 tantum
334 1317 449 1366 inanibus
460 1317 561 1375 litteris,
576 1330 673 1367 ansere
683 1320 740 1366 data
751 1316 796 1367 sit.

438 1477 506 1526 xxvl

177 1617 236 1681 Gap.
251 1616 290 1666 5'1.
306 1616 384 1668 Verba
401 1618 510 1682 Virqinic'
531 1617 558 1667 in
571 1618 680 1683 Appium
691 1632 771 1670 reum.

119 1759 211 1809 Contra
220 1773 249 1806 ea
268 1758 404 1823 Virqiuc'ua,
416 1772 495 1808 unum
509 1760 614 1822 Appium
627 1758 768 1814 Claudium,
781 1765 806 1808 et
818 1759 855 1808 le·

88 1839 148 1888 gum
165 1835 290 1888 expertem
301 1836 327 1878 et
337 1827 420 1876 civilis
430 1834 455 1877 et
466 1828 571 1877 humani
586 1827 685 1876 loederis
695 1840 750 1876 esse
762 1826 856 1877 aiebam

88 1895 246 1958 Respicerent
257 1897 368 1945 tribunal
379 1897 501 1951 homines,
511 1896 641 1946 castellum
652 1896 765 1945 omnium
777 1896 858 1946 scele-

87 1980 161 2015 rum:
174 1965 216 2015 ubi
224 1966 347 2015 decemvir
355 1965 398 2015 ille
404 1972 548 2028 perpetuus,
559 1965 639 2020 honis,
649 1971 730 2026 tergo,
739 1965 857 2027 sanguini

88 2037 180 2085 civium
198 2036 310 2092 mlestus,
334 2035 416 2097 virgas
427 2049 576 2096 securesque
594 2036 710 2084 omnihus
729 2035 857 2094 minitans,

87 2109 190 2156 deorum
207 2106 385 2167 hominumque
401 2113 562 2168 contemptor,
576 2105 742 2162 carnificibus,
755 2118 804 2152 non
823 2104 857 2154 li-

86 2176 204 2232 oloribus,
212 2176 325 2238 stipatus,
333 2174 385 2235 jam
397 2177 527 2238 ahrapinis
540 2183 565 2225 et
575 2175 773 2224 caedibusanimc
785 2174 815 2224 ad
826 2174 858 2224 li·

87 2246 197 2294 bidinem
210 2259 289 2306 verso,
301 2245 426 2305 virginem
441 2245 574 2305 iugenuam
585 2245 612 2293 iu
622 2244 701 2293 oculis
712 2244 798 2306 populi
810 2244 857 2294 llo-

86 2315 163 2372 mani‚
176 2317 242 2365 velut
252 2315 317 2364 bello
333 2321 462 2377 captama
480 2315 608 2373 complexu
620 2314 698 2377 patris
718 2314 855 2375 abreptam,

86 2384 202 2432 ministro
221 2383 328 2432 cubiculi
343 2384 380 2432 sui
393 2383 478 2432 clienti
489 2384 555 2432 dono
571 2383 685 2440 dederit;
698 2382 741 2431 ubi
760 2383 856 2433 crudeli

86 2454 185 2502 decreto
206 2454 367 2515 nefandisque
377 2453 494 2503 vindiciis
514 2454 626 2502 dextram
643 2453 722 2516 patris
739 2452 767 2502 in
778 2453 857 2502 filiam

85 2524 230 2580 a1·maverit;
240 2524 282 2572 ubi
295 2525 406 2572 tollentes
416 2537 504 2584 carpus
515 2523 661 2574 semianime
668 2523 773 2584 virginis
783 2537 857 2585 spun-

85 2608 141 2643 sum
152 2594 351 2655 avunculumque
365 2593 392 2642 in
405 2606 529 2642 carcerem
546 2594 604 2643 duci
623 2593 737 2655 jusserit.
750 2593 857 2643 libidine

84 2662 240 2726 interpellata
253 2664 331 2725 magis
349 2677 424 2725 quam
436 2663 501 2713 caede
512 2671 604 2714 motus.
623 2665 649 2712 El
670 2663 709 2711 illi
728 2677 856 2713 carcerem

84 2733 233 2784 edificatum
242 2748 304 2791 esse,
314 2734 378 2796 quod
390 2732 547 2781 domicilium
556 2733 635 2796 plebis
645 2733 759 2781 Romanae
768 2744 857 2781 vocare

83 2804 118 2856 ait
129 2803 227 2854 solitus.
249 2804 364 2862 Proinde,
377 2811 406 2852 ul.
417 2802 463 2852 ille
472 2803 565 2853 iterum
577 2818 605 2852 ac
620 2802 712 2865 saepius
730 2808 855 2867 provocet.
