1904 3216
139 216 186 271 aec
444 202 607 270 onirionns'

132 338 187 386 ‘bus
198 335 363 398 gentibusque
374 340 504 398 appareret
515 351 521 382 ι
532 348 612 384 unum
621 333 748 383 hominem
757 335 909 397 eaputcolu-

139 420 246 469 menque
258 407 356 469 imperii
368 408 471 456 Romani
484 419 551 465 esse;
565 407 610 455 sub
619 406 706 454 umbra
716 405 838 468 Scipionis
846 406 908 454 civi-

139 483 214 527 tatem
231 479 357 528 dominam
370 477 439 527 orbis
448 484 572 528 terrarum
589 477 679 533 latere;
695 484 784 526 nutum
797 475 850 539 ejus
862 490 908 540 pro

139 546 245 597 decretis
260 547 371 604 Petrum,
389 560 433 609 pro
448 546 532 610 populi
541 546 618 608 jussis
630 559 692 594 esse.

470 705 574 756 mxxxi

240 827 297 889 Cap.
309 826 350 876 51.
363 826 440 876 Verba
451 825 570 890 Africani
579 825 619 874 rei
629 825 665 874 ad
673 824 805 890 Populum.

160 950 232 989 citatus
247 960 301 992 rena.
316 960 385 996 magno
406 948 482 997 agmine
498 949 604 986 amicorum
617 947 756 996 clientiumque
768 957 804 996 per
821 948 906 987 mediam

136 995 247 1034 concionem
259 995 284 1034 ad
290 997 360 1034 Rostra
366 995 438 1042 suanm
448 994 629 1041 silentioquet'acta.
639 992 666 1030 ita
676 993 735 1031 rerba
744 993 805 1031 facite

49 1142 52 1147 ,
168 1092 217 1142 Hoc
228 1092 278 1150 die,
289 1092 391 1142 Tribuni
404 1092 491 1156 plebis,
505 1105 606 1154 rosque,
619 1091 735 1147 Quirites,
745 1104 804 1140 cum
816 1091 907 1139 Hanni-

135 1162 192 1213 bale
202 1169 227 1212 et
237 1163 481 1225 Carthaginiensibus
489 1161 568 1224 signis
579 1161 673 1210 collatis
682 1160 708 1209 in
717 1161 796 1211 Africa
806 1162 869 1210 hene
879 1175 907 1211 ac

129 1232 907 1301 *feliciterpugnaviltaque,quumhodielitibusetjurgiissu-

137 1306 263 1368 persederi
272 1320 371 1369 aequurn
381 1305 422 1362 sit,
430 1319 476 1367 ego
488 1305 546 1354 hinc
557 1304 679 1366 extemplo
689 1304 714 1352 in
723 1305 867 1367 Capitolium
875 1306 906 1354 ad

134 1374 221 1423 Jovem
238 1375 360 1436 optimum
378 1373 706 1434 marimum‚Junone1nque
720 1382 745 1422 et
763 1373 905 1431 Minervam,

134 1452 280 1506 ceterasque
293 1446 358 1504 deos,
374 1445 417 1507 qui
431 1445 550 1507 Capitolio
561 1452 635 1506 atque
646 1444 698 1492 arci
709 1443 849 1506 praesident,
865 1460 906 1494 sa·

136 1515 248 1565 lutandos
260 1516 314 1575 ihc;
324 1515 413 1578 hisque
422 1515 516 1577 gratias
527 1530 607 1577 agam,
616 1515 682 1578 quod
694 1515 787 1564 mihiel
796 1516 906 1577 hocipso

136 1586 185 1643 die,
196 1592 221 1635 et
234 1599 298 1648 saepe
312 1586 382 1642 alias,
397 1586 497 1648 egregie
510 1585 655 1648 reipublicae
666 1585 780 1647 gerendae
794 1591 904 1635 mentem

136 1657 325 1718 facultatemque
334 1655 464 1705 dederunt.
472 1657 584 1705 Vestrum
594 1669 692 1718 quaque
700 1655 791 1717 quibus
798 1668 905 1705 comino·

128 1727 195 1776 dum
202 1733 247 1788 cst,
260 1727 294 1776 ite
301 1740 407 1785 mecum,
417 1726 533 1784 Quirites
543 1735 567 1776 et
576 1735 644 1775 orate
652 1727 710 1774 deos
718 1726 801 1775 utinei
809 1726 904 1776 similes

135 1797 261 1860 principes
270 1797 381 1847 habeatis
394 1812 399 1845 ε
412 1797 455 1854 ita,
463 1797 484 1846 si
495 1797 604 1845 ohannis
613 1797 778 1858 septendecim
789 1797 820 1845 ad
831 1811 904 1848 sene-

134 1874 228 1918 ctutem
245 1882 343 1930 semper
356 1882 398 1917 vos
408 1873 503 1917 aetatem
513 1881 594 1916 mecm
607 1867 744 1917 honoribus
757 1869 849 1917 vestris
863 1883 905 1918 an·

135 1941 221 1997 teistis,
234 1953 279 2003 ego
295 1946 388 1990 vestros
399 1939 505 1989 honores
521 1938 596 1988 rebus
607 1939 725 2000 gerendis
741 1940 862 2001 praecessi.

453 2096 568 2149 ccxxxss

134 2221 190 2284 Cup.
205 2219 245 2271 55.
270 2220 345 2271 Verba
362 2221 387 2270 Τ.
406 2219 548 2284 Sempronii
565 2222 681 2283 Gracchi,
698 2224 892 2290 tribuniplebis

437 2290 467 2339 de
476 2291 597 2356 Scipione.

156 2393 221 2476 suisio
230 2394 263 2433 dic
274 2394 363 2447 longiore
369 2393 466 2443 prodicta,
476 2394 495 2432 in
505 2395 624 2434 Literninum
632 2398 728 2436 concessit
735 2411 741 2443 ς
749 2403 803 2436 certo
812 2395 901 2441 consilio,

134 2449 158 2475 ne
171 2450 181 2476 a
204 2448 283 2477 causam
292 2440 397 2491 ¹dicendam
406 2440 491 2478 adesset.
502 2440 538 2479 Ubi
552 2441 595 2480 dias
606 2441 666 2483 venit.
676 2443 773 2492 citarique
789 2443 859 2480 absens
872 2446 902 2479 est

133 2488 220 2534 captus..
231 2485 251 2520 i..
266 2486 329 2532 scipio
344 2485 434 2535 morbum
443 2495 507 2524 causae
523 2495 568 2524 ease
583 2497 619 2524 cur
629 2487 707 2525 abesset
719 2487 830 2524 excruabat.
841 2490 902 2530 Quam

134 2531 277 2566 excusationem
284 2538 345 2576 quum
350 2531 429 2571 tribum,
436 2529 470 2576 qui
479 2531 531 2568 diem
538 2529 635 2575 dixerant,
646 2532 808 2580 uouaccipercut.
817 2531 838 2568 Τ.
846 2533 902 2568 Sem·

133 2624 503 2683 n’estqu’unelauted'improssion
530 2627 546 2670 il
567 2629 634 2672 serait
652 2629 793 2685 prepositien.
814 2628 845 2671 lu
864 2641 901 2672 su-

135 2687 162 2730 de
181 2689 278 2731 l'editiou
296 2690 323 2733 dc
339 2689 445 2742 Gronave,
468 2702 503 2733 re·
527 2692 560 2746 jet
580 2692 607 2734 de
624 2699 679 2734 cette
699 2692 803 2740 locution‚
826 2690 901 2735 [triber

133 2751 233 2805 produite
244 2765 283 2806 par
298 2751 394 2801 Crevier,
412 2760 433 2795 et
449 2753 502 2797 dans
530 2754 572 2796 cite
583 2767 608 2797 ce
618 2766 707 2808 passage
716 2754 744 2796 dc
760 2752 828 2796 Pline.
841 2752 899 2796 llist.

134 2817 183 2855 tous
194 2812 225 2853 les
236 2813 365 2856 conciones.
376 2813 443 2857 Ondit
452 2814 504 2857 bien
532 2819 580 2858 nal.
592 2817 616 2866 ll,
636 2817 649 2868 fi
667 2815 720 2859 108:
736 2815 901 2860 Sarmatarum

131 2873 164 2916 ad
188 2872 304 2918 Orientem
328 2888 407 2919 uersus
432 2878 503 2930 quand
530 2880 608 2932 pentes
627 2877 658 2920 cd
679 2877 795 2921 Orientem
813 2890 898 2931 aercae.

122 2945 206 2978 uersus
220 2941 253 2980 est
267 2938 393 2995 participe;
408 2939 465 2983 mais
477 2938 506 2982 ici
532 2936 813 2984 lesbarinatesorientaux.
