1904 3216
114 194 162 244 ⁴86
420 192 581 244 oudilon'ts

64 308 65 312 ’
114 308 215 365 dirimit
235 308 306 371 juxta
328 309 417 359 Gallias
444 308 634 372 llispaniasque;
658 305 787 370 utrimue
809 305 887 364 ritus,

114 393 200 441 equos,
218 379 324 436 tributa;
343 380 472 443 ipsamque
488 379 588 429 ltaliam
604 384 630 429 et
643 390 702 440 opes
718 377 805 434 [ubist
823 391 852 427 ac
865 377 887 428 si

114 449 208 498 inferre
219 463 288 498 arma
302 451 370 499 ultro
383 450 469 507 velint,
483 449 545 498 duas
556 449 645 500 classes
658 461 817 511 uacuumque
829 447 888 509 llly-

114 519 161 567 rici
173 534 250 568 mare.
266 520 330 577 Quid
342 525 396 570 tum
413 521 522 570 claustra
532 517 817 581 montiumprolutuial
827 518 887 580 quid

115 595 222 639 tractum
235 591 262 639 in
279 597 389 642 aestatem
405 591 480 641 aliam
490 589 604 640 bellum?
618 590 684 640 unde
696 589 800 639 interim
813 603 889 653 pecu·

114 661 182 710 niam
192 667 216 710 ct
227 661 394 711 commeatus?
406 662 471 719 Quin
481 661 562 724 potius
572 661 661 723 eoipso
671 656 814 718 uterentur,
824 659 888 721 quod

115 729 262 780 Pannonicae
276 731 388 792 legiones
404 733 513 795 deceptae
525 731 604 794 magis
617 744 692 794 quam
711 729 784 780 rietae
802 734 889 781 resur-

114 814 174 863 gere
192 801 220 849 in
238 802 360 851 ultionem
374 809 515 866 properent,
533 801 622 852 idosici
637 800 760 852 exercitus
775 799 889 861 integras

114 869 181 917 vires
190 869 327 919 attulerint.
342 870 367 919 Si
377 885 498 921 numerus
507 872 617 921 militum
628 870 711 934 potius
725 883 802 933 quam
810 868 890 931 legio·

115 954 178 988 num
193 939 224 1002 (l)
239 945 350 1002 putetur,
366 942 423 1004 plus
432 943 492 992 hinc
504 943 610 1000 roboris,
622 941 688 991 nihil
700 939 849 997 libidinum
864 946 890 990 et

114 1011 239 1072 proluisse
251 1011 391 1074 disciplinae
411 1013 492 1076 ipsum
508 1014 646 1077 pudorem:
661 1011 760 1074 equites
780 1024 840 1060 vero
857 1024 890 1060 ue

115 1087 169 1129 tum
184 1080 286 1143 quidem
302 1082 387 1141 victos,
403 1085 454 1143 sed,
465 1098 612 1147 quanquam
620 1084 695 1133 rebus
703 1081 825 1139 adversis,
837 1081 891 1131 dis-

113 1150 205 1213 jectam
215 1151 247 1216 (5)
265 1151 354 1202 vitellii
365 1154 451 1204 aciem.
465 1156 524 1204 lluae
533 1160 595 1203 tunc
606 1152 752 1202 Pannonicae
767 1165 798 1200 ac
809 1150 892 1201 tloesi-

115 1235 151 1270 cae
166 1222 211 1271 alae
222 1236 359 1287 perrupere
373 1225 469 1274 hostem
485 1241 491 1271 :
506 1239 574 1274 nunc
591 1222 698 1273 sedecim
712 1222 813 1271 alarum
830 1234 892 1272 con·

112 1292 200 1354 juncta
216 1292 286 1354 signa
298 1293 374 1356 pulsu
392 1293 526 1356 sonituque
540 1300 565 1343 et
580 1293 646 1341 nube
660 1291 714 1353 ipsa
729 1288 847 1352 operient
862 1301 893 1339 ac

115 1362 295 1423 superfundent
308 1363 396 1413 oblitos
411 1364 559 1426 proeliorum
573 1360 668 1423 equites
681 1372 819 1422 equosque.
838 1357 892 1410 uisi

116 1433 173 1494 quis
182 1433 282 1490 retinet,
296 1432 363 1482 idem
376 1447 462 1483 suasor
472 1439 607 1495 auctorque
617 1431 649 1494 (6)
659 1429 758 1479 consilii
767 1443 827 1479 ero:
839 1442 892 1487 ros,

117 1501 209 1562 quibus
222 1502 322 1551 lortuna
338 1503 365 1551 in
379 1503 477 1566 integro
494 1509 532 1552 est
554 1500 597 1566 (ll,
617 1500 727 1562 legiones
747 1498 892 1558 continete3

115 1571 178 1619 mihi
186 1572 306 1632 expeditae
315 1574 563 1623 cohortessullrcient.
573 1571 627 1621 lam
636 1575 771 1620 reseratam
780 1568 893 1627 ltaliam.

115 1639 235 1720 impulsas
249 1642 339 1691 vitellii
354 1657 394 1693 res
408 1643 514 1694 audietis
530 1642 643 1706 :jurabit
654 1639 725 1703 sequi
736 1645 761 1690 et
774 1639 894 1702 vestigiis

115 1717 234 1789 vmccntis
247 1711 370 1761 insistere.

115 1852 136 1895 l.
153 1851 266 1895 Numerus
286 1852 389 1897 militum
410 1856 488 1910 potius
515 1853 653 1897 l'execution.
664 1850 720 1893 -'l.
737 1849 827 1903 Quibus
841 1852 895 1906 for·

117 1925 187 1968 qaam
196 1913 488 1969 lepionum:llitelliusavait
516 1918 574 1960 tuna
585 1915 612 1958 in
621 1914 713 1969 inteqro
723 1912 767 1964 est,
780 1924 822 1967 por
836 1911 895 1956 allu-

115 1975 228 2029 beaucoup
237 1975 287 2030 plus
301 1976 328 2020 de
344 1977 428 2032 legions
443 1991 487 2034 quc
515 1975 801 2028 lusionauxchangements
810 1973 896 2019 delor-

114 2035 243 2090 Vespasiou,
264 2038 318 2081 mais
343 2050 379 2080 scs
403 2038 488 2093 legions
515 2034 895 2092 tuncquel'erateuravaitdprou-

115 2095 198 2140 etaient
206 2109 264 2153 pour
272 2099 293 2142 la
304 2099 390 2154 plupart
404 2101 487 2143 iocom·
514 2100 567 2142 ves:
583 2095 702 2142 condomae
714 2107 767 2139 sous
781 2095 868 2151 Neron,
879 2100 895 2143 ll

116 2156 193 2212 pletas.
202 2181 229 2189 —
237 2159 258 2202 5.
268 2159 400 2213 disjectam,
410 2167 484 2204 s.-ent.
513 2163 547 2204 lut
554 2158 669 2202 rehabilitd
679 2169 718 2213 par
728 2155 815 2214 Galbag
832 2162 893 2205 enlin

114 2217 146 2262 ab
160 2218 191 2261 iis
201 2219 346 2275 (equitibus).
357 2221 410 2265 dans
420 2223 441 2266 la
448 2222 487 2265 ba·
514 2220 594 2271 othon,
605 2221 617 2263 i
627 2220 664 2276 qui
675 2219 691 2262 il
700 2217 763 2262 onrit
773 2231 812 2264 ses
820 2224 895 2266 servi·

116 2279 177 2322 taille
187 2280 214 2323 de
225 2280 359 2324 Bedriacum.
373 2306 399 2315 —
408 2284 430 2328 6.
440 2284 486 2327 Au·
514 2295 558 2332 ves.
577 2282 598 2324 le
616 2280 714 2337 negliges
729 2280 788 2338 (vex.
807 2281 849 2327 tir.
867 2282 895 2334 ll.

115 2340 350 2398 ctorcsticiceluiqui
360 2354 486 2387 eommence
513 2341 547 2384 ch.
559 2341 602 2396 86).
