1904 3216
113 185 160 234 22⁰
416 184 577 236 calmontis

112 299 210 349 nienses
230 304 256 349 et
268 304 416 361 praesentem
435 299 592 349 induciarum
608 299 682 349 fldem
695 305 721 350 et
734 314 803 362 spem
818 301 887 364 pacis

112 369 238 421 turbasse:
247 383 326 430 neque
335 375 363 418 tu
374 370 399 418 id
411 384 471 419 sane
478 370 629 426 dissimulas,
638 370 682 433 qui
694 371 724 420 de
734 371 887 421 conditioni-

111 440 338 503 bussuperiorihns
353 440 422 502 pacis
431 441 513 489 omnia
527 441 668 498 subtrahas,
681 446 774 502 praeter
788 456 816 491 ea
830 456 888 505 quae

108 510 162 572 jam
172 510 271 572 pridem
287 509 314 557 in
332 514 418 558 nostra
434 514 553 569 potestate
569 514 637 558 sunt.
656 511 778 567 Ceterum,
793 516 822 559 nt
839 511 885 560 tihi

111 595 178 630 curae
186 587 225 629 est
234 579 327 628 sentire
336 578 403 628 cives
419 585 475 628 tuos
483 584 574 640 quanto
587 593 633 642 per
641 584 750 629 teonere
760 580 885 638 leventur,

111 651 148 700 sic
157 648 391 698 mihilahorandunr
398 653 436 697 est
442 662 483 704 ne,
490 647 512 696 si
521 656 635 711 quatunc
641 648 800 711 pepigerunt,
809 649 887 699 hodie

111 722 236 771 subtracta
250 735 280 768 cx
296 717 481 768 conditionibus
495 718 570 780 pacis,
589 719 692 782 praemia
707 720 819 782 periidiae
835 720 885 769 ha-

109 793 191 842 beant.
205 790 305 852 indigni
326 789 418 852 quihus
434 788 521 838 eadem
533 795 614 851 pateat
627 790 744 846 conditio,
761 791 837 839 etiam
856 795 887 840 ut

109 861 190 925 prosit
196 861 265 911 vobis
279 860 455 923 transpetitis.
467 860 550 923 Neque
556 866 639 923 patres
649 861 731 910 nostri
743 860 842 923 priores
854 863 887 912 de

110 930 204 988 Sicilia,
218 943 298 991 neque
311 942 356 978 nos
368 929 398 979 de
415 929 532 992 Hispania
545 929 650 979 ierimus
663 930 757 979 bellum
773 947 779 977 ι
791 936 816 979 et
823 936 884 981 tunc

109 999 444 1049 liamertinorumsociorum
454 1000 604 1062 periculum,
612 1006 638 1050 ct
647 1014 714 1050 nunc
729 1001 832 1061 Sagunti
841 1016 884 1052 ex·

52 1111 55 1120 .
109 1069 328 1132 cidiumnobispia
340 1084 367 1119 ac
373 1069 442 1132 justa
450 1069 588 1119 induerunt
597 1083 678 1119 arma.
689 1071 735 1119 Vos
743 1071 881 1125 lacessisse,

110 1143 135 1187 et
149 1143 178 1187 tn
192 1137 246 1201 ipse
259 1138 355 1195 lateris,
371 1144 396 1188 et
409 1138 451 1186 dei
465 1144 538 1187 testes
553 1142 631 1186 sunt:
646 1139 691 1201 qui
703 1143 727 1188 et
742 1139 811 1186 illius
825 1139 883 1188 belli

108 1208 202 1258 exitum
212 1209 349 1258 secundum
357 1208 400 1269 jus
413 1209 497 1270 sasque
510 1207 642 1266 dederunt,
658 1215 683 1258 et
697 1209 773 1271 hujus
785 1210 845 1258 dant
858 1215 884 1259 et

108 1279 211 1328 dabunt.
235 1278 304 1333 Quod
323 1279 411 1327 adme
428 1279 526 1335 attinet,
548 1284 574 1328 et
590 1279 706 1328 humanae
727 1279 884 1328 infirmitatis

108 1349 222 1405 memini,
236 1349 322 1397 etaim
336 1349 441 1397 fortunae
460 1354 558 1411 reputo,
576 1354 601 1397 et
619 1349 702 1398 omnia
718 1363 884 1411 quaecumque

108 1418 331 1481 agimussubjecta
343 1433 395 1468 esse
405 1419 473 1467 mille
481 1419 580 1468 casibus
588 1419 647 1468 scio.
660 1420 782 1476 Ceterum,
793 1432 885 1481 quem-

108 1489 350 1551 admodumsuperbe
357 1495 381 1537 et
389 1489 510 1538 violenter
516 1503 555 1537 me
562 1488 654 1537 faterer
662 1488 882 1550 lacere,si‚prius-

108 1573 182 1621 quam
194 1560 219 1607 in
234 1560 342 1608 Africam
355 1559 517 1623 trajecissem,
528 1565 553 1608 te
564 1565 605 1607 tua
616 1561 741 1608 voluntate
754 1561 882 1609 cedentem

108 1629 188 1686 Italia,
205 1635 230 1676 ct
243 1629 359 1690 imposito
374 1629 401 1677 in
418 1642 492 1677 naves
508 1627 628 1684 exercitu,
643 1628 726 1690 ipsum
740 1628 881 1678 venientem

107 1699 138 1749 ad
151 1712 235 1761 pacem
252 1699 382 1761 petendam
396 1712 558 1761 aspernarer;
577 1697 613 1746 sic
626 1712 700 1754 nunc,
714 1712 794 1760 quum
805 1712 883 1760 prope

107 1783 209 1818 manum
227 1776 376 1826 consertum,
398 1770 555 1818 restitantem
578 1782 607 1816 ac
626 1769 833 1828 tergiversantem
853 1770 881 1818 in

107 1843 213 1889 Atra-‚nm
226 1840 370 1888 attraxerim
386 1839 430 1901 (l),
451 1839 520 1887 nulla
535 1852 590 1886 sum
604 1838 651 1886 tibi
664 1839 814 1887 verecundia
835 1839 883 1887 ob-

133 1985 206 2032 Gdel.
231 1987 251 2028 l.
282 1985 357 2041 Prope
384 1998 481 2029 manum
504 1996 543 2026 sur
557 1996 581 2027 ce
597 1983 694 2039 symbolo
711 1984 731 2027 la
749 1985 882 2030 vindicatio

107 2051 266 2094 consertam...
284 2049 310 2090 in
328 2049 481 2102 Africamot·
505 2045 530 2088 in
548 2057 574 2088 re
583 2046 702 2101 praesenti.
721 2046 779 2101 (loy.
796 2047 881 2103 l'expli-

104 2111 228 2156 traxerim.
242 2111 335 2154 Marium
348 2114 479 2153 consertam
505 2108 632 2163 catiouplus
642 2108 880 2165 ampledecottelocu-

107 2172 181 2227 (supin
202 2172 229 2214 de
247 2173 375 2226 conserere]
397 2184 479 2215 vocare
504 2171 550 2212 tion
560 2178 582 2213 et
591 2171 618 2214 de
628 2178 662 2214 cet
671 2184 738 2226 usage
748 2171 802 2214 dans
811 2173 880 2215 Aulu-

106 2233 140 2268 cst
173 2237 216 2268 nne
245 2227 350 2269 ancienne
383 2228 477 2272 formale
504 2231 572 2283 Galle,
590 2231 632 2284 XX,
656 2234 690 2276 oh.
717 2234 759 2287 10.)
786 2233 842 2278 C'ost
866 2234 879 2277 i

23 2336 26 2342 ¹
107 2287 133 2330 de
143 2287 205 2337 droit,
214 2292 237 2328 et
247 2287 332 2340 signilie
339 2287 372 2330 ad
381 2301 476 2332 monum
504 2299 560 2336 cette
569 2300 672 2337 coutume
681 2307 724 2349 que
738 2294 825 2349 Scipion
838 2296 879 2340 fait

107 2348 270 2391 conserendum
292 2361 381 2393 vacare.
401 2352 475 2400 Quand
504 2353 598 2395 allusion
609 2366 615 2396 ε
626 2353 839 2398 ilaottirellannibal
849 2369 877 2400 eu

107 2421 136 2452 on
154 2410 206 2451 dtait
221 2422 248 2451 cu
266 2412 416 2463 contestation,
437 2425 476 2467 par
503 2416 600 2470 llrique,
610 2415 637 2458 de
647 2417 718 2459 mima
727 2417 795 2472 qu'un
808 2419 878 2473 parti-

106 2469 222 2524 eicmple,
256 2484 285 2513 au
316 2473 374 2526 sajet
411 2474 475 2517 d’une
504 2477 877 2534 cnlierlorcal'adversairequiest

106 2540 176 2582 terre,
186 2544 215 2573 on
231 2533 324 2587 appelait
338 2535 476 2580 l'adversairo
503 2538 556 2582 dans
569 2551 605 2582 ses
622 2540 685 2583 biens
703 2540 715 2582 i
733 2543 878 2595 comparaltre

106 2606 133 2635 ea
147 2593 204 2646 jare
221 2605 316 2636 manum
332 2600 473 2649 consertam,
502 2598 580 2642 derant
590 2601 610 2644 le
620 2602 716 2645 tribuual
726 2614 755 2644 au
761 2614 839 2658 moyen
849 2604 877 2647 dc

105 2653 189 2721 aad.
209 2652 240 2693 ad
250 2656 413 2699 conserendum
426 2669 476 2700 mo·
502 2667 557 2704 cette
567 2663 667 2715 citation,
678 2665 766 2717 exjure
779 2677 877 2708 monam

105 2727 161 2757 num
171 2726 197 2755 ιιι
205 2726 254 2756 rem
261 2715 289 2757 dc
296 2729 342 2772 quo
352 2723 474 2773 caperetur:
501 2728 631 2768 consertum
648 2724 758 2770 vocanda.
770 2725 829 2768 Cette
839 2739 877 2769 ox·

105 2777 137 2820 les
146 2775 202 2817 deux
211 2778 291 2829 parties
300 2781 422 2824 enlevaient
431 2795 473 2824 une
501 2786 599 2838 pressiori
613 2787 734 2841 spiritualia
746 2791 779 2829 est
793 2786 877 2830 eliacie
914 2804 921 2822 ι

105 2837 167 2894 gleire
177 2836 241 2891 qu’ils
251 2842 360 2891 por-taient
368 2855 396 2885 au
406 2844 475 2886 trihu·
502 2845 531 2888 du
540 2851 597 2889 texte
606 2848 633 2890 da
643 2853 714 2890 toutas
734 2847 765 2890 les
782 2845 877 2891 editions

94 2900 140 2950 nal,
159 2902 183 2940 ot
198 2897 222 2939 la
236 2899 331 2954 precem
344 2906 475 2960 prononpnit
502 2907 644 2952 de'l’iteLive
659 2909 728 2951 etdes
744 2908 876 2967 Cairieses,
