1904 3216
88 179 136 234 520
280 230 298 237 ,.
322 230 328 237 .
391 182 553 234 unimores

91 310 125 342 ses
141 287 209 354 lete
226 300 243 344 il
256 301 375 346 combuttm
393 314 450 357 pour
464 302 544 355 rtguer
557 312 585 344 ou
600 301 666 356 perir.
682 301 727 352 (lue
747 300 769 344 le
783 299 827 344 ciel
836 299 859 343 le

91 360 193 414 preserve
202 362 358 418 d'dtrejumeis
366 363 399 407 roi
410 375 449 418 por
461 362 481 405 ln
494 363 558 417 {nice
568 361 619 405 d'uu
632 362 727 414 homme,
739 361 792 418 quel
801 361 859 416 qu'il

89 423 207 468 soit-st
220 424 309 468 tonsile
323 431 437 480 pertugent
454 438 476 468 se
491 424 578 479 penses,
595 425 641 467 s'ils
658 431 696 469 ont
711 425 806 468 borreur
819 423 860 466 des

90 482 180 528 deduius
188 484 241 529 d'uu
254 487 383 541 reinqueur,
397 485 426 529 ils
441 491 568 528 trouveront
580 484 602 527 le
614 498 737 540 veugeeuce
749 497 780 528 ou
791 484 814 528 lu
829 484 861 527 tiu

90 543 118 585 de
127 544 187 589 leurs
196 558 269 590 meur.
275 569 303 579 -
311 547 340 590 lu
349 547 437 590 fortune
446 553 479 588 est
487 546 635 600 chungeunte:
645 547 688 590 elle
697 546 731 600 lut
739 546 860 597 conueire,

91 604 135 647 elle
143 610 196 660 peut
208 606 322 657 s'edoucir,
336 613 359 650 et
366 604 385 649 'si
395 605 428 650 les
438 607 503 650 dieui
514 606 666 650 ebrodonnent
678 605 699 648 le
708 605 753 648 bon
761 603 829 656 droit,
839 603 861 646 lu

92 671 150 709 mort
158 673 192 710 cst
206 666 237 710 du
248 668 319 710 moins
333 668 354 710 le
372 679 463 711 recours
479 668 518 711 des
529 667 614 710 breves.
628 689 656 699 -
665 665 736 708 enta
745 664 818 721 gloire
833 663 861 708 de

33 741 37 747 ·
92 726 152 770 leurs
160 730 233 781 uieux,
242 729 376 783 veiuqueurs
384 728 412 771 de
421 727 510 771 l'tlrient
519 735 542 771 et
554 727 703 777 domimteure
711 727 739 770 de
752 726 773 769 ln
782 725 861 778 Grece,

92 788 157 843 qu'ils
166 800 194 831 ue
203 788 329 831 dementent
337 789 399 843 point
407 801 432 832 ce
441 800 536 844 courrge
545 789 597 832 dont
607 787 636 831 ile
647 794 684 831 ont
693 786 765 830 donne
776 793 826 830 taut
833 787 861 830 de

93 860 197 905 preuves;
206 848 272 904 qu’ils
279 855 398 894 tententur
405 850 495 894 dernier
502 849 567 894 cllort
573 862 578 892 :
585 848 742 894 ilariusutteud
750 848 772 892 lc
781 848 861 893 sueres

91 920 123 953 ou
132 909 154 953 le
163 910 242 965 gleire.

123 1046 148 1094 Si
160 1061 201 1097 me
212 1061 269 1096 cum
278 1048 383 1111 ignavis,
397 1053 423 1099 et
434 1049 513 1112 pluris
527 1047 723 1112 qualemcunque
731 1043 810 1094 vitam
818 1045 864 1095 bo·

92 1127 163 1170 nesta
182 1129 263 1171 morte
278 1124 468 1181 aestimantibus,
487 1125 587 1172 tortum
602 1120 734 1184 junxisset,
754 1123 865 1168 tererem

93 1191 177 1252 potius
200 1205 276 1254 quem
295 1195 392 1243 trustra
408 1195 483 1242 verba
500 1205 684 1249 consumerem
707 1188 751 1238 sed
768 1188 865 1251 maiore

29 1280 32 1286 ·
94 1273 168 1320 quem
182 1263 270 1311 vellem
286 1263 434 1312 documento
452 1270 477 1312 et
492 1263 610 1311 virtutem
622 1267 729 1310 vestram
745 1264 770 1307 et
789 1258 866 1307 tidem

93 1338 218 1392 expertus,
237 1332 317 1394 magis
333 1333 409 1382 etiam
423 1333 518 1384 conniti
534 1331 611 1381 debeo
623 1336 651 1380 ut
663 1329 755 1390 diguus
770 1328 867 1378 talibus

2 1418 4 1423 ·
94 1402 181 1451 amicis
191 1403 248 1458 sim,
259 1415 334 1464 quam
347 1403 462 1452 dubitare
472 1417 504 1451 an
514 1401 590 1452 vestri
600 1401 694 1451 similes
705 1399 789 1449 adhuc
798 1399 866 1449 sitis.

5 1470 7 1474 ’
96 1474 129 1520 Ex
138 1479 176 1521 tot
188 1473 311 1531 millibus,
328 1487 383 1534 quee
396 1475 442 1522 sub
458 1473 564 1536 imperio
577 1474 680 1522 luerunt
693 1483 758 1529 meo,
772 1470 816 1520 bis
827 1484 868 1521 me

94 1542 195 1598 victum,
210 1543 249 1591 bis
258 1543 396 1604 fugientem
406 1543 529 1606 persecuti
540 1543 571 1607 (l)
583 1542 651 1592 estis.
661 1540 733 1590 Fides
742 1546 827 1590 vestre
842 1546 870 1590 et

94 1612 240 1670 constantia,
254 1620 283 1662 ut
293 1627 380 1674 regem
391 1628 431 1662 me
446 1628 501 1663 esse
516 1613 624 1669 credam,
639 1611 707 1660 lacit.
722 1610 868 1660 Proditores

93 1688 120 1732 et
126 1683 259 1744 transfugae
267 1683 293 1731 in
304 1685 410 1733 urbibus
418 1686 481 1734 meis
490 1689 608 1746 regnabo
618 1697 675 1739 non,
686 1680 798 1740 hercule,
806 1682 869 1744 quie

95 1760 162 1802 tanto
175 1754 268 1803 honore
284 1755 355 1818 digni
367 1755 496 1814 habentur,
510 1756 553 1804 sed
561 1761 589 1804 ut
603 1753 715 1816 praemiis
725 1765 815 1801 eorum
827 1766 869 1802 ve-

95 1826 142 1873 stri
159 1826 325 1876 sollicitentur
341 1827 426 1875 enimi.
448 1827 524 1876 licam
540 1828 666 1876 fortunam
681 1830 772 1881 tamen,
790 1837 869 1886 quem

96 1897 207 1956 victoris,
225 1897 348 1950 maluistis
358 1898 439 1960 sequi,
454 1898 595 1959 dignissimi
608 1897 708 1960 quibus,
719 1895 741 1944 si
756 1909 805 1957 ego
818 1909 869 1946 non

96 1967 197 2028 possim,
205 1967 241 2016 dii
249 1981 294 2029 pro
304 1982 344 2017 me
351 1971 455 2030 gratiam
464 1969 584 2018 reserant.
593 1969 630 2023 lit,
643 1965 795 2023 mehercule,
803 1966 869 2016 reie-

96 2039 164 2086 rent!
181 2037 250 2086 Nulla
267 2038 316 2087 erit
331 2045 382 2087 tam
397 2039 471 2087 surda
482 2038 622 2100 posteritas,
637 2036 768 2085 nullatum
782 2036 870 2098 ingre·

97 2113 122 2155 ta
134 2107 208 2164 sama,
218 2122 274 2170 quoe
284 2122 335 2157 non
347 2109 373 2157 in
386 2110 477 2157 coelum
487 2123 527 2156 vos
537 2108 627 2156 debitis
638 2107 753 2156 leudibus
764 2106 840 2156 ierat.

127 2176 222 2238 ltaque,
233 2178 331 2227 etiamsi
339 2179 471 2228 consilium
482 2179 556 2239 tugae,
567 2193 581 2227 n
597 2191 647 2239 qno
657 2176 766 2226 multum
776 2177 870 2226 abbor-

98 2253 136 2297 ret
147 2247 254 2306 animus,
271 2248 412 2309 agitassem,
429 2254 510 2298 restra
526 2255 609 2296 tamen
622 2247 712 2296 virtute
728 2246 809 2295 fretus
822 2248 869 2296 ob-

97 2319 163 2367 viem
178 2318 252 2367 issem
263 2318 337 2367 hosti.
355 2319 487 2380 Quousque
501 2318 568 2367 enim
581 2318 609 2366 in
618 2330 698 2378 regno
712 2315 829 2376 exulabo,
842 2323 869 2367 et

98 2389 214 2449 perfines
227 2389 327 2450 imperii
340 2390 390 2438 mei
408 2389 503 2450 fugiam
516 2393 645 2438 externum
655 2392 682 2436 et
691 2386 813 2436 advenam
826 2399 871 2436 re·

99 2458 169 2519 gem?
181 2472 259 2520 quum
272 2459 345 2509 liceat
363 2465 463 2521 experto
478 2458 536 2507 belli
548 2459 673 2507 fortunam
689 2463 733 2506 aut
748 2469 870 2519 reperere

97 2543 154 2590 quoe
167 2529 248 2586 amisi,
263 2535 307 2578 aut
317 2529 420 2577 honesta
436 2535 516 2577 morte
531 2529 641 2590 defungi.
653 2527 703 2577 Nisi
710 2528 779 2576 torte
789 2527 870 2576 satius

98 2605 136 2648 est
142 2604 284 2660 exspectare
290 2599 392 2647 victoris
399 2599 541 2655 arbitrium,
549 2605 574 2648 et
579 2598 658 2648 Mazaei
665 2603 690 2646 et
696 2596 826 2647 liithrenis
834 2596 870 2661 (ili

125 2731 168 2775 llll.
196 2733 217 2773 1.
251 2731 368 2787 Persequi,
397 2733 470 2775 suivre
497 2731 535 2787 qui
552 2732 650 2774 e'etaient
663 2728 870 2774 rendusdllexen·

97 2792 200 2847 jusqu'nu
209 2793 269 2836 bout.
280 2794 308 2836 Ge
318 2795 383 2837 verbe
391 2795 425 2837 n'u
433 2806 471 2849 pus
497 2795 545 2843 dre,
554 2800 577 2836 et
585 2805 628 2849 que
636 2805 662 2835 ce
678 2792 754 2848 prince
763 2791 823 2834 uruit
836 2791 870 2833 iu·

95 2856 197 2909 toujours
221 2855 243 2898 le
267 2867 317 2898 sens
339 2855 425 2898 hostile.
445 2877 471 2887 -
497 2856 571 2908 vestis,
589 2855 634 2896 l'un
649 2853 680 2896 du
696 2857 871 2907 gourememeut

86 2917 192 2964 alicnde
211 2926 235 2965 et
254 2918 366 2976 liithreu,
377 2925 475 2977 setreneu
501 2913 776 2970 delebebqlcuie,l'eutre
790 2913 818 2958 dc
833 2925 870 2956 ee·
