1904 3216
23 2966 46 3016 Ι.

81 201 128 254 461
387 200 549 252 onlttotltls

82 315 249 372 1aloir6prlme
260 317 293 360 les
310 315 457 368 concussions,
468 315 509 358 elle
518 315 564 358 doit
578 315 685 359 interdico
703 320 767 359 toute
776 315 861 370 brigua

82 389 139 432 pour
146 379 185 422 des
197 378 278 433 dloges.

114 494 163 544 llsu
172 496 304 557 probatum
313 498 358 550 est,
375 493 458 542 Patres
479 492 625 555 conscripti,
640 493 705 555 leges
730 492 859 555 egregias,

82 566 196 627 exempla
206 566 316 621 honesta,
336 565 401 627 apud
414 562 492 612 bonos
508 577 538 612 cx
551 562 648 612 delictis
662 563 769 612 aliorum
775 563 859 626 gigni.

84 637 123 687 Sic
131 641 259 686 oratorum
270 634 378 694 licentia,
388 634 498 684 Cinciam
515 633 668 695 rogationem
678 633 726 697 (ll3
738 633 862 684 candida·

84 715 168 757 torum
179 708 298 763 ambitus,
315 706 394 755 lulias
409 707 476 766 leges
488 703 521 770 (2)
528 721 535 762 ;
543 705 735 766 magistratuum
742 705 860 763 avaritia,

82 776 216 838 calpurnia
228 776 290 824 scita
308 773 340 838 (ὅ)
352 779 514 837 pepererunt.
536 774 597 822 llam
613 774 684 836 culpa
694 786 770 835 quam
783 787 859 836 poeua

81 856 195 908 tempore
205 846 283 908 prior,
291 845 419 895 emendati
426 859 502 906 quam
514 859 618 908 peccare
628 843 751 906 posterius
762 850 804 894 est
815 845 859 908 (l).

83 917 147 978 Ergo
160 919 277 965 adversus
287 928 374 964 novam
385 913 575 976 provincialium
586 913 735 976 superbiam,
751 913 859 976 dignum

83 989 132 1036 lide
144 987 330 1048 constantiaque
342 987 449 1035 Romana
464 985 589 1047 capiamus
598 985 738 1042 consilium,
752 998 805 1044 quo
819 992 860 1034 tu·

81 1056 138 1105 telae
148 1056 274 1104 sociorum
282 1056 347 1104 nihil
356 1056 498 1116 derogetur,
506 1055 579 1104 uobis
589 1054 671 1117 opinio
679 1055 790 1111 decedat,
798 1068 860 1117 qua·

84 1127 115 1176 lis
123 1127 229 1189 quisque
242 1127 372 1183 habeatur,
387 1126 448 1175 alibi
461 1140 536 1189 quam
551 1126 577 1174 in
588 1125 779 1187 civiumjudicio
792 1138 857 1175 esse.

73 1226 76 1233 ·
115 1198 180 1246 Olim
192 1198 292 1258 quidem
303 1210 352 1245 non
363 1197 435 1245 modo
444 1203 534 1259 praetor
545 1202 588 1245 aut
596 1195 689 1252 consul,
704 1194 747 1244 sed
765 1195 859 1258 privati

82 1267 160 1316 etiam
169 1267 339 1334 mittebantur,
350 1266 393 1328 qui
401 1265 539 1328 provincias
548 1265 651 1314 viserent
658 1271 692 1321 et,
702 1263 764 1326 quid
771 1264 860 1314 decu-

81 1335 855 1400 jusqueobsequiovideretur,reserrent;trepidal›autquegen·

82 1412 121 1454 tes
129 1407 159 1456 de
165 1408 330 1458 aestimatione
339 1407 508 1471 singulorum}
517 1415 542 1456 at
549 1422 614 1457 nunc
623 1407 727 1456 colimus
736 1414 859 1460 externos

80 1485 107 1525 et
118 1477 249 1524 adulamur
257 1491 264 1532 ;
279 1483 305 1523 ct
316 1476 439 1539 quomodo
455 1477 485 1524 ad
498 1483 587 1524 nutum
595 1476 700 1539 alicujus
711 1485 807 1538 grates,
821 1481 855 1529 ita

81 1545 858 1609 promptiusaecusatiodecernitur.Decernaturqueelmaneat

80 1615 276 1680 provincialibus
290 1617 427 1678 potentiam
436 1631 507 1666 suam
516 1617 560 1666 tali
573 1618 645 1667 modo
656 1618 796 1668 ostentandi
808 1620 856 1683 (5),

107 1755 192 1801 mn.
212 1759 233 1799 l.
258 1757 362 1801 Cinciam
385 1769 455 1812 ropa—
481 1756 572 1800 londde
593 1759 615 1800 la
637 1758 723 1815 penses,
738 1770 857 1815 comparet

81 1817 176 1868 tionem,
188 1816 219 1859 loi
231 1817 314 1873 poi-tce,
331 1817 372 1859 l'au
387 1818 414 1859 de
428 1817 453 1859 ll.
481 1830 518 1860 ces
527 1818 613 1874 paroles
626 1832 678 1862 avec
693 1819 758 1862 celles
770 1819 800 1862 de
816 1821 858 1864 Ca·

80 1878 128 1927 tta.
139 1889 179 1933 par
196 1878 218 1920 le
239 1878 315 1919 tribun
324 1877 351 1918 ll.
367 1876 454 1920 Cincius
481 1886 526 1931 ton,
546 1881 598 1922 dans
622 1893 660 1924 sou
680 1881 781 1924 discours
798 1894 858 1936 pour

80 1941 210 1982 Alimentus.
223 1938 248 1980 et
261 1938 357 1994 appuyee
373 1952 413 1995 par
432 1941 453 1982 le
482 1940 502 1982 la
519 1942 547 1983 loi
571 1942 687 1996 Oppienue,
715 1942 765 1998 plus
792 1943 856 1996 haut,

79 1993 403 2053 dictateurFabius;cetteloi
416 2002 455 2046 dt·
482 2015 504 2057 p.
521 2001 579 2045 tta:
601 2004 667 2046 Sicut
688 2007 744 2046 ante
761 2005 857 2049 morbos

80 2061 150 2106 tendit
162 2062 189 2105 do
207 2064 307 2105 recevoir
320 2063 347 2105 de
361 2064 454 2118 l'argent
481 2076 569 2107 necesse
578 2065 774 2121 estcognitoaeate
782 2078 857 2122 quam

79 2135 110 2167 ou
121 2122 160 2164 des
180 2123 280 2178 proseuta
298 2136 354 2180 pour
370 2127 454 2180 plaider
481 2127 583 2169 remedia
593 2140 679 2180 eorum,
689 2129 724 2171 cic
733 2129 857 2184 cupidita-

80 2196 123 2228 uue
143 2196 216 2230 cause.
237 2184 287 2241 Vox.
305 2187 403 2238 ciceron,
422 2189 453 2231 De
482 2191 513 2230 tes
525 2190 593 2244 priua
605 2193 857 2246 nataesuntqautmlc-

80 2245 209 2297 Senectute,
220 2245 255 2287 ch.
275 2243 297 2295 t,
315 2252 366 2290 note
384 2247 404 2290 6.
426 2271 453 2280 -
480 2262 517 2304 pes
533 2263 582 2304 quac
592 2252 622 2294 iic
634 2253 726 2296 modum
736 2256 855 2306 facerent,

80 2305 101 2349 ἓ.
114 2304 192 2350 Iulias
205 2306 272 2362 tepea,
289 2306 331 2350 lois
343 2315 418 2351 contre
431 2309 451 2350 la
479 2319 520 2354 etc.
538 2312 595 2355 Pour
610 2315 631 2357 la
648 2315 726 2365 lorme,
740 2326 857 2371 compares

79 2366 167 2423 betgue,
184 2367 269 2422 portdes
283 2380 311 2411 on
328 2370 400 2424 plutot
415 2382 451 2412 re·
478 2384 568 2415 avecun
581 2386 669 2430 passage
683 2375 713 2418 dn
726 2375 856 2421 lliscoursV
887 2376 893 2385 '

79 2432 147 2473 mises
159 2443 187 2473 en
196 2432 288 2485 vigueur
297 2443 338 2486 par
346 2432 449 2485 Auguste.
477 2431 504 2475 de
519 2433 619 2482 Salluste,
629 2448 685 2490 page
693 2435 742 2485 dli,
750 2436 762 2478 l
769 2437 790 2480 ln
800 2443 854 2484 nota

79 2515 105 2522 -
118 2493 139 2536 5.
151 2490 282 2547 Calpurnio
294 2491 353 2534 scita
370 2492 451 2546 (pleti-
478 2495 498 2537 5.
517 2516 544 2525 -
561 2496 582 2538 5.
607 2496 698 2539 Maneat
715 2497 857 2552 provincia·

79 2554 156 2608 scito),
169 2555 210 2596 lois
221 2559 296 2596 contre
312 2553 345 2596 les
361 2567 451 2596 coneus·
479 2555 856 2610 lidospotentiamsuam...osten··

79 2615 449 2671 sions;lapremierefutproposee
481 2617 555 2660 tundi.
573 2618 600 2660 ll.
624 2619 726 2671 Buruuul,
745 2633 772 2663 en
793 2622 856 2665 n'ad·

80 2682 103 2720 ct
117 2682 224 2719 soutenue
243 2689 282 2730 par
297 2677 317 2719 le
333 2677 408 2719 tribon
425 2677 448 2719 t.
478 2684 617 2734 mettantpas
631 2682 659 2724 ici
675 2695 717 2724 une
734 2682 813 2736 ellipse
826 2686 855 2728 de

79 2736 448 2792 CalpurniusPiso,l'an605deli.
474 2742 522 2794 jus,
553 2743 663 2796 facultas,
697 2757 710 2787 a
744 2745 856 2790 tres-bien

79 2800 133 2841 -l.
145 2799 219 2853 Culpa
234 2810 304 2854 quam
313 2811 383 2855 poena
395 2803 450 2842 tem·
478 2803 565 2845 cclairei
580 2804 600 2847 la
614 2806 765 2860 particularis&
777 2819 856 2863 grem·

72 2872 135 2918 pore
144 2860 231 2917 priam·
244 2860 365 2905 emendari
380 2874 450 2917 quom
478 2865 576 2906 inaticalc
594 2865 686 2920 qu'ollre
712 2877 737 2908 ce
753 2878 853 2926 passage,

62 2935 168 2981 peccare
174 2924 295 2980 posterius
307 2928 348 2969 eat.
359 2923 418 2969 Pour
430 2924 453 2967 le
480 2937 510 2968 au
522 2937 601 2980 mopeu
615 2926 762 2980 ‹lel'mmlogte
771 2929 853 2975 olletae
