1904 3216
87 177 131 226 ras
312 164 325 207 '·
388 178 548 229 quartones

86 291 113 341 in
125 292 191 342 robis
203 299 261 342 sunt
273 308 278 341 :
289 299 314 343 et
323 307 393 343 causa
407 300 481 356 atque
492 294 563 355 origo
580 293 661 342 omnis
674 292 768 342 luroris
782 307 860 355 penes

87 370 201 412 auctores
221 369 277 423 est;
298 378 341 412 nos
352 365 500 426 contagione
522 363 658 413 insanistis.
679 364 724 419 Qui
742 363 803 412 milri
826 377 859 412 ne

87 433 268 496 hodiequidem
274 434 335 483 scire
342 434 468 494 videmini,
479 448 529 495 quo
537 434 650 484 amentiae
657 433 781 496 progressi
788 433 858 482 sitis:

86 503 149 565 quid
160 503 277 553 facinoris
290 503 317 551 in
331 517 381 560 me,
398 503 458 566 quid
472 503 498 552 in
520 503 629 566 patriam
645 508 809 564 parentesque
830 516 860 552 ac

86 573 178 623 liberos
184 580 283 633 vestros,
292 573 351 635 quid
359 573 385 622 iu
395 574 452 623 deos
461 574 608 623 sacramenti
616 579 698 630 testes,
709 573 861 634 quidadver·

87 658 129 692 sus
139 643 249 707 auspicia
262 645 308 692 sub
318 643 410 704 quibus
422 643 543 701 militatis,
562 644 622 706 quid
638 645 754 692 adversus
763 655 861 692 morem

87 714 185 763 militiae
196 714 402 777 disciplinamque
417 713 549 775 majorum,
564 713 625 775 quid
640 712 757 762 adversus
768 711 860 761 summi

87 783 186 845 imperii
198 784 355 847 majestatem
368 784 424 833 ausi
438 784 500 834 sitis.

118 854 151 902 lle
168 868 207 903 me
222 854 274 914 ipso
283 860 351 904 taceo
363 869 370 911 ;
382 860 477 903 temere
486 856 569 918 potius
581 869 655 916 quarn
671 853 738 902 avide
749 853 860 903 credide-

86 923 142 974 ritis
156 925 187 988 (5)
202 927 327 987 :denique
336 939 383 987 ego
399 925 456 983 sim,
469 928 542 987 cujus
554 925 653 988 imperii
664 928 754 975 taedere
763 925 861 975 exerci-

86 999 148 1045 tum.
158 995 260 1043 minime
270 996 411 1044 mirandum
421 996 461 1045 sil.
476 997 558 1045 Patria
570 997 670 1058 quidde
683 996 751 1045 robis
761 1009 862 1044 merue-

87 1073 134 1122 rat,
147 1079 224 1128 quarn
235 1078 293 1114 cum
307 1065 436 1114 Mandonio
448 1073 473 1114 et
484 1067 584 1115 lndibili
591 1067 751 1116 consociando
758 1065 861 1116 consilia

87 1134 245 1198 prodebatis?
262 1135 323 1197 quid
339 1135 445 1198 populus
468 1137 598 1195 Romanus,
618 1151 696 1198 quum
715 1136 859 1197 imperium,

88 1206 196 1255 ablatum
207 1206 238 1254 ab
252 1204 359 1254 tribunis
372 1206 492 1268 suffragio
503 1208 587 1269 populi
598 1207 696 1263 creatis,
708 1206 738 1255 ad
749 1205 862 1256 homiues

87 1275 194 1338 privatos
210 1274 357 1324 detulistis?
376 1288 461 1336 quum,
482 1289 510 1324 eo
522 1276 575 1338 ipso
585 1290 635 1325 non
647 1275 765 1331 contenti,
782 1275 802 1323 si
813 1288 862 1337 pro

89 1346 198 1393 tribunis
206 1345 261 1394 illos
273 1344 404 1400 haberetis.
419 1346 496 1395 fasces
509 1347 666 1414 imperatoris
676 1345 751 1396 restri
764 1346 794 1394 ad
808 1357 860 1402 eoa,

89 1416 180 1476 quibus
185 1428 279 1472 servus,
287 1413 326 1464 cui
333 1414 494 1477 imperarent,
504 1431 629 1479 nunquam
639 1419 728 1474 luerat,
737 1417 862 1465 Romanus

89 1485 212 1534 exercitus
225 1483 353 1533 detulistis.
365 1485 395 1532 ln
404 1486 521 1547 praetorio
531 1487 689 1536 tetenderunt
697 1485 729 1548 (d)
741 1484 826 1534 Albius
834 1491 862 1533 et

88 1555 187 1612 Atrius3
198 1554 401 1616 classicumapud
411 1569 451 1605 eos
457 1557 546 1607 cecinit
557 1556 671 1620 ;signum
678 1556 708 1606 ab
715 1556 747 1606 iis
755 1556 861 1618 petitum

88 1631 143 1677 est;
158 1625 276 1673 sederunt
290 1624 316 1672 in
330 1623 449 1673 tribunali
459 1627 631 1688 P.Scipionis:
645 1625 718 1674 lictor
730 1625 859 1687 apparuit;

86 1695 201 1743 submoto
218 1694 248 1757 (ll
264 1693 436 1752 incesserunt;
456 1695 533 1745 fasces
546 1709 603 1745 cum
622 1695 751 1744 securibus
764 1694 860 1756 praelati

82 1770 155 1814 sunt.
173 1764 273 1827 Lapides
284 1764 372 1826 pluere
387 1769 412 1812 et
423 1764 528 1814 fulmina
541 1765 590 1827 jaci
604 1766 636 1828 (8)
654 1765 684 1814 de
697 1766 768 1822 coelo,
788 1771 814 1813 et
823 1763 861 1811 in·

89 1841 172 1884 suetos
183 1835 249 1884 fetus
256 1833 371 1882 animalia
378 1834 461 1891 edere,
471 1850 512 1884 vos
518 1843 632 1898 portenta
639 1834 799 1896 esseputatis:
815 1834 861 1882 hoc

82 1911 127 1954 -est
137 1910 280 1969 portentum
288 1905 353 1966 quod
361 1903 436 1953 nullis
443 1908 540 1966 hostiis,
545 1907 622 1955 nullis
631 1904 859 1968 supplicationibus,

88 1977 273 2040 sinesanguine
281 1988 367 2025 eorum
375 1975 418 2036 qui
426 1981 522 2026 tantum
530 1977 685 2026 l'acinusausi
693 1985 760 2032 sunt,
768 1975 861 2037 expiari

87 2046 176 2108 possit.

121 2119 200 2180 lltque
213 2130 259 2181 ego
273 2117 423 2182 (quanquam
437 2118 535 2168 nullum
547 2118 628 2167 scelus
642 2119 762 2167 rationem
776 2116 860 2178 habet)

85 2221 191 2277 ›quillum
198 2234 271 2275 mare,
277 2235 361 2266 comme
369 2224 464 2267 dausces
491 2223 510 2265 'l.
526 2222 633 2266 Submota
643 2230 676 2265 est
684 2235 713 2266 au
719 2228 796 2264 neutre
806 2235 861 2277 pour

91 2288 146 2324 muts
160 2283 186 2325 de
201 2283 312 2326 Terence:
329 2282 373 2336 Qut
394 2288 416 2327 te
431 2283 463 2326 ud
491 2297 561 2339 quum
577 2284 708 2328 submotum
726 2285 789 2326 esset.
804 2283 862 2327 Sub-

89 2343 209 2401 rcopulum
221 2345 353 2402 tranquillo
365 2344 462 2400 inserat.
490 2359 581 2389 morere
591 2349 672 2401 (sem.
678 2345 799 2402 populum)
810 2344 862 2388 eluit

91 2406 232 2462 Rapprccbez
245 2419 282 2452 ces
294 2412 358 2458 mots,
375 2411 464 2450 natura
491 2409 568 2452 l'ollice
586 2408 616 2450 du
632 2408 717 2451 licteur.
733 2407 821 2461 b'usage
835 2407 861 2450 de

92 2469 167 2510 marie
182 2481 226 2524 per
243 2481 266 2512 se
280 2468 406 2513 immobilis
422 2471 463 2519 est,
490 2467 583 2512 l'abletil
599 2466 676 2512 absolu
692 2469 742 2511 d'un
757 2469 862 2524 participe

91 2530 155 2572 venti
166 2530 465 2583 eluurrecient,delabolle
491 2531 553 2587 passo
574 2543 602 2574 au
620 2535 698 2573 neutre
717 2535 750 2574 est
763 2529 863 2572 tres-ire-

87 2593 149 2636 tsable
162 2592 212 2636 Lllll
227 2593 353 2638 deBabrius
370 2593 418 2650 (tlt
429 2593 463 2636 ed.
483 2599 559 2648 quent
581 2593 635 2636 dans
654 2591 778 2636 Tite-Line.
796 2615 823 2624 -
840 2592 862 2635 8.

87 2656 118 2697 de
127 2653 220 2710 llullerJ.
230 2679 257 2688 -
271 2658 291 2700 5.
303 2655 462 2704 credideritis.
490 2655 544 2701 laci
555 2656 601 2698 doit
615 2657 662 2699 etre
674 2656 721 2710 pris
735 2667 763 2697 au
775 2665 862 2709 propre,

89 2717 163 2759 savoia·
182 2729 218 2759 me
238 2721 422 2761 commortuum.
437 2739 464 2748 —
491 2720 540 2760 θένε
567 2717 643 2760 lencm
670 2717 861 2772 (sous-entendu.

90 2778 112 2821 6.
130 2779 293 2827 blandorum,
307 2793 355 2835 roy.
375 2781 395 2822 le
408 2779 462 2822 llisc.
491 2791 544 2821 avec
565 2779 673 2829 violence,
690 2778 718 2820 de
737 2777 833 2821 muniere
850 2777 862 2818 d

90 2838 164 2892 CXVH,
182 2846 233 2883 note
255 2841 275 2884 3.
301 2840 409 2896 Sipnum,
425 2839 465 2883 ail·
491 2837 588 2880 detruirs
609 2838 704 2894 quelque
721 2838 802 2891 chose).
823 2836 863 2879 Les

81 2901 147 2942 lam
156 2901 465 2955 tenera,1emord’ordre.-
492 2898 569 2942 ectairs
583 2911 633 2943 sans
641 2900 662 2944 la
674 2899 751 2944 loudre
761 2897 860 2941 n'euiet
