1904 3216
126 146 172 196 53⁰
433 147 595 198 onlllodes

126 273 183 321 spes
193 259 265 321 regni
277 259 429 322 precipitem
441 262 552 312 animum
564 263 596 313 ad
607 263 723 314 ultimum
734 264 804 315 nefas
815 263 902 329 impu-

126 329 166 380 lit.
179 329 251 381 Pater
261 331 345 382 llediae
355 338 456 395 praeest;
470 334 533 396 ipse,
545 336 651 399 apudldl
662 335 755 385 multos
767 335 902 401 copiarum

126 400 203 449 duces
212 401 273 450 meis
284 409 422 464 praepotens
429 403 532 464 viribus,
545 406 638 468 majora
645 406 790 469 quamcapit
797 413 897 470 spem.

128 471 225 521 Orbitas
236 485 334 535 quoque
346 487 408 529 mea,
421 474 487 535 quod
504 475 560 524 sine
569 475 656 526 liberis
671 489 737 533 sum,
759 477 900 539 spernitur.

128 543 174 592 Sed
181 549 248 591 errat
259 542 367 592 Philotas
378 559 384 591 ε
398 543 423 592 in
435 543 504 593 vobis
515 545 614 602 liberos,
625 551 739 608 parentes
750 547 901 619 consangui-

127 628 188 665 neos
198 613 291 672 hehe03
305 613 375 662 vobis
385 614 467 671 salvis,
481 614 557 666 orbus
568 629 620 665 esse
632 629 682 666 non
692 630 803 678 possum.

130 717 903 814 feltitlllltdtitilltltlttltllttt‘taeneellamites-le

129 807 168 844 silii
178 807 322 856 praeferentem.
328 807 415 855 namque
421 816 497 846 summa
509 806 551 854 ejus
560 807 602 846 hec
611 813 668 846 erat:
678 809 761 848 Primum
771 811 829 849 vestri
834 818 902 849 cem

129 851 388 945 ssfpiqffigdssgffidwamwm
398 853 427 890 stc
443 854 499 898 cutm.
512 860 552 897 cea
565 853 705 900 destinavimus.
721 853 830 901 cinnanos.
839 853 902 902 Adje-

161 976 201 1026 Sic
211 989 265 1024 esse
277 975 408 1037 scriptum,
420 982 458 1035 ut,
470 977 522 1026 sire
530 977 561 1026 ad
567 977 631 1026 lilios
636 978 799 1040 pervenisset,
812 991 827 1026 a
838 991 902 1026 con-

130 1047 189 1096 sciis
201 1051 284 1108 posset
295 1045 413 1107 intelligi,
426 1045 477 1095 sive
488 1047 624 1110 intercepta
636 1054 708 1104 esset,
720 1048 820 1098 falleret
828 1047 901 1110 igna-

129 1131 179 1167 ros.
192 1118 222 1166 lt
232 1116 301 1165 enim
313 1115 424 1174 Pimnus,
436 1131 512 1179 quum
527 1125 621 1168 ceteros
642 1118 777 1181 participes
798 1118 903 1169 sceleris

130 1188 260 1244 indicaret,
273 1186 396 1236 Philotam
406 1200 457 1236 non
467 1189 615 1239 nominavit.
634 1189 684 1239 lloc
705 1189 807 1251 quidem
829 1188 902 1240 illius

130 1272 181 1308 non
191 1256 347 1314 innocentiae,
360 1257 401 1306 sed
412 1258 527 1319 potentiae
537 1258 660 1308 indicium
672 1263 717 1316 est,
731 1258 798 1322 quod
814 1258 854 1309 sic
869 1260 902 1310 ab

131 1329 164 1377 iis
174 1328 278 1376 timetur
288 1327 372 1386 etiam,
385 1341 400 1375 a
411 1326 502 1389 quihus
513 1329 585 1390 prodi
597 1334 687 1391 potest,
695 1334 733 1385 ut,
745 1342 826 1392 quum
831 1329 864 1380 de
873 1345 903 1382 se

117 1418 119 1423 ·
130 1399 265 1455 fateantur,
277 1397 351 1447 illum
361 1403 442 1446 mmen
457 1398 544 1447 celent.
558 1399 672 1450 Ceterum
684 1400 807 1450 Philotam
818 1400 903 1463 ipsius

131 1469 225 1518 indicat
234 1469 294 1516 vita.
308 1468 353 1517 llic
363 1469 480 1529 amyntae,
493 1468 537 1530 qui
552 1469 615 1518 mihi
626 1469 789 1519 consobrinus
804 1469 836 1531 (4)
853 1471 903 1521 fuit

131 1540 193 1589 etin
204 1538 343 1609 Macedonia
355 1537 428 1599 capiti
439 1552 495 1587 meo
507 1538 595 1601 impias
615 1539 765 1603 comparavit
784 1540 901 1606 insidias,

132 1612 229 1661 socium
240 1618 302 1660 sect
313 1610 440 1660 conscium
451 1610 563 1672 adjunxit
576 1629 582 1658 ε
595 1612 722 1661 hicdttalo
735 1611 834 1675 (5),qu0
845 1627 903 1674 gra·

131 1682 226 1732 viorem
237 1681 368 1730 inimicum
380 1693 428 1730 non
439 1681 523 1738 habui,
536 1695 648 1731 sororem
657 1695 727 1730 suam
737 1682 764 1731 in
775 1684 903 1733 matrimo-

131 1753 202 1802 nium
213 1752 282 1800 dedit
295 1768 301 1799 ε
311 1751 361 1808 hic,
375 1765 453 1814 quum
464 1752 620 1814 scripsissem
631 1752 655 1801 ei
666 1766 711 1814 pro
725 1751 783 1814 jure
802 1760 855 1802 tam
865 1753 902 1803 fa·

131 1822 236 1873 miliaris
246 1825 307 1872 ustis
317 1831 389 1884 atque
401 1822 526 1879 amicitiae,
538 1823 619 1886 qualis
629 1837 683 1873 sors
690 1822 825 1872 editaesset
832 1824 902 1875 lovis

132 1895 273 1945 Hammonis
283 1895 393 1950 oraculo,
405 1893 525 1944 sustinuit
532 1895 671 1944 rescribere
680 1894 743 1943 mihi
756 1911 762 1940 :
776 1910 789 1941 a
802 1908 830 1943 se
848 1897 903 1958 qui·

132 2025 152 2068 3.
164 2021 232 2078 Apud
241 2020 434 2063 conticuisses...
441 2030 503 2074 pras·
529 2018 689 2063 Consobmnus.
697 2019 795 2073 Amyntas
804 2017 902 2063 etaitlils

132 2088 217 2142 potens,
225 2085 310 2128 devenu
318 2083 366 2136 (par
374 2094 408 2123 ma
417 2080 501 2134 iaveur)
530 2081 556 2123 de
566 2080 678 2123 Perdiccas
686 2114 691 2131 ,
698 2081 757 2123 frere
767 2080 816 2122 alne
826 2081 856 2124 du
866 2083 901 2124 roi

132 2148 303 2203 tres-puissent
329 2145 413 2199 auprds
450 2142 503 2185 d'un
530 2141 665 2197 Plrilippesse
681 2142 901 2197 pered'llcrandre).

133 2210 201 2264 grand
225 2207 316 2251 nombre
341 2206 367 2249 de
385 2204 501 2259 geremus,
530 2203 641 2247 Perdiccas
661 2209 725 2254 mort,
744 2203 844 2259 Philippo
862 2205 903 2248 dc·

133 2279 185 2315 veut
194 2272 242 2314 dire
252 2269 293 2311 ici:
303 2281 332 2310 en
341 2265 503 2323 comparaison
530 2266 577 2307 vint
589 2266 610 2307 le
626 2270 701 2309 tuteur
714 2265 741 2307 de
759 2277 799 2307 son
812 2277 901 2317 nerem

133 2335 159 2377 de
168 2346 206 2376 ces
215 2339 289 2375 autres
298 2344 304 2382 ;
314 2329 331 2372 il
340 2335 373 2372 est
381 2329 430 2382 plus
443 2329 503 2383 puis·
530 2326 585 2368 meis
593 2326 614 2368 le
629 2326 708 2380 peuple
722 2325 865 2369 macedonica
878 2326 902 2371 le

132 2397 321 2452 saniqu'eunou,
331 2404 415 2435 comme
426 2393 504 2446 Amyn-
530 2386 589 2440 force
607 2386 728 2442 d'aecepter
747 2386 861 2431 lui-meme
878 2387 901 2431 la

132 2468 165 2504 tas
179 2460 200 2502 le
216 2458 248 2500 dit
264 2455 329 2510 (Piso.
348 2453 417 2507 llllll),
427 2465 504 2496 omnes
530 2461 647 2491 couronne.
662 2449 736 2499 Quand
753 2448 903 2505 Philippeeut

131 2534 197 2579 paene
205 2519 291 2563 amicos
303 2521 354 2560 tuos
367 2513 504 2569 distictione
531 2510 565 2553 ete
575 2510 619 2561 tue,
627 2511 727 2566 Amyntas
734 2510 845 2554 cherebad
854 2523 902 2554 res-

133 2585 234 2628 einccns.
248 2579 350 2634 L'emploi
360 2579 387 2621 de
396 2576 461 2632 apud
471 2583 504 2619 est
530 2572 594 2614 saisir
602 2585 637 2614 scs
647 2572 713 2615 droits
722 2584 749 2615 en
759 2584 784 2614 sc
793 2571 904 2616 defaisant

133 2646 237 2688 tres-rare
254 2643 308 2686 dans
323 2646 379 2682 cette
395 2637 503 2691 significa·
529 2633 669 2676 d'rllerandre
680 2647 685 2675 :
698 2634 751 2676 c’est
766 2645 791 2675 ce
813 2645 858 2688 que
875 2645 902 2676 ce

132 2707 178 2748 tion
190 2706 216 2747 de
230 2704 314 2758 cepres
327 2700 372 2742 dc:
388 2711 416 2741 on
425 2710 449 2740 se
458 2703 503 2739 sert
529 2697 620 2741 dernier
636 2698 719 2752 appelle
733 2695 820 2751 impias
842 2695 903 2739 inei-

133 2767 303 2809 ordinairement
319 2762 346 2804 de
360 2761 392 2803 ad
403 2761 437 2814 (en
452 2770 503 2812 grec
530 2759 589 2802 dtas.
608 2781 635 2788 -
655 2759 674 2800 5.
693 2757 773 2808 Attalo,
793 2757 857 2801 oncle
873 2758 902 2802 ds

133 2829 160 2872 de
173 2829 235 2883 πρὸς),
246 2834 275 2877 ot,
292 2837 344 2867 avec
359 2835 403 2866 une
419 2832 503 2863 nuanco
530 2824 585 2862 cotta
604 2818 715 2872 Cleopitre
732 2830 775 2871 que
801 2817 901 2873 Philippe

128 2888 288 2946 perticuliere‚
309 2886 336 2930 de
362 2896 420 2942 prae.
437 2905 465 2913 —
481 2883 502 2924 l.
530 2881 648 2936 dpoasacn
662 2877 900 2934 repudiantolympien
