1904 3216
109 238 152 287 196
414 236 572 286 onlllolllts

106 351 218 413 Hispania
226 351 537 414 potiusquamltaliabello
548 351 650 399 liberata
658 350 779 413 gloriatus
786 352 873 401 lucris.

105 423 215 471 liondnm
222 422 245 470 is
252 428 290 470 est
299 421 428 478 Hannibal,
440 435 514 484 quem
522 435 571 470 non
581 421 661 483 magis
669 421 783 470 timuisse
791 421 875 470 videa-

105 501 155 548 tur,
163 505 236 554 quam
243 491 428 553 contempsisse,
440 491 483 553 qni
491 491 561 539 aliud
569 491 663 540 bellum
672 492 800 541 maluerit.
810 492 874 549 Quin

105 563 180 626 igitur
187 562 272 610 adhoc
281 561 428 624 accingeris,
440 575 486 610 nec
492 575 538 623 per
545 567 606 609 istos
612 561 733 611 circuitus
740 566 786 624 lut,
796 577 874 625 quum

103 633 243 682 inllricam
251 631 388 695 traieceris,
398 632 638 681 secuturumteilluc
648 632 808 681 llannibalem
818 647 874 696 spe-

103 707 151 764 res)
164 703 248 764 potius
258 715 335 763 quam
343 710 413 752 recto
424 703 483 752 hinc
491 702 589 760 itinere,
602 702 647 751 ubi
661 702 779 752 Hannibal
790 710 836 762 est,
845 718 875 753 eo

103 773 197 821 bellum
203 771 464 834 intendislllgrcgiam
472 772 546 821 istam
554 772 662 833 palmam
668 772 726 821 belli
733 772 821 821 Punici
830 787 874 835 pa-

103 842 162 891 trati
173 841 254 904 petis?
263 842 313 892 lloc
322 848 347 892 et
354 849 441 891 natura
454 842 523 905 prius
532 850 713 903 cst,tuaquum
722 841 871 902 defenderis,

102 911 180 960 aliena
188 912 227 961 ire
236 921 413 975 oppugnatum.
422 914 470 963 Pax
480 919 537 962 ante
549 914 573 960 in
584 912 653 960 ltalia
661 926 736 974 qnam
746 914 838 961 bellum
847 915 871 962 in

101 980 180 1031 llrica
187 981 220 1030 sit
231 997 238 1030 z
251 989 277 1033 et
285 983 357 1033 nobis
367 983 439 1047 prins
446 984 549 1033 decedat
558 983 642 1040 timor,
653 997 730 1047 quam
740 983 807 1033 ultro
817 985 874 1035 aliis

100 1050 231 1102 inferatur.
242 1051 267 1102 Si
275 1059 410 1117 utrumque
417 1059 460 1103 tuo
470 1053 544 1102 ductu
551 1053 710 1116 auspicioque
719 1054 774 1102 lieri
784 1062 872 1116 potest,

101 1120 236 1172 Hannibale
246 1125 288 1175 bic
298 1125 368 1178 victo.
379 1125 431 1175 illic
442 1124 615 1184 Carthaginem
628 1138 742 1186 expugna
758 1142 764 1172 a
777 1127 817 1173 sin
833 1126 871 1174 al-

100 1198 153 1242 tera
163 1200 221 1242 utra
229 1194 333 1244 victoria
341 1195 411 1245 novis
421 1193 566 1244 consulibus
571 1194 736 1255 relinquenda
745 1203 790 1257 est,
802 1196 872 1257 prior

100 1277 176 1326 quum
196 1266 276 1327 major
293 1265 442 1327 clariorque,
458 1272 512 1312 tum
531 1278 605 1312 causa
625 1265 699 1313 ctiam
716 1265 870 1327 insequentis

100 1334 186 1384 luerit.

131 1404 191 1452 llam
201 1418 267 1452 nunc
278 1404 388 1467 quidem,
400 1410 565 1466 praeterquam
577 1404 643 1464 quod
654 1403 716 1452 etin
729 1404 800 1453 ltalia
812 1410 836 1452 et
845 1406 873 1454 in

98 1472 181 1523 Africa
194 1474 256 1522 duos
265 1472 374 1523 diversos
383 1473 505 1523 exercitus
516 1474 583 1522 alere
595 1472 713 1522 aerarium
722 1487 771 1521 nan
779 1480 871 1537 potest;

98 1543 347 1604 praeterquamquod,
357 1543 425 1592 unde
434 1543 523 1592 classes
533 1549 658 1598 tueamur,
671 1543 737 1591 unde
749 1555 873 1591 commea-

98 1609 166 1661 tibus
178 1612 330 1662 sufficiamus
340 1613 488 1676 praebendis,
502 1611 567 1660 nibil
576 1611 666 1672 reliqui
674 1620 723 1667 est;
736 1612 813 1672 quid?
826 1625 870 1673 pe·

97 1680 172 1730 riculi
185 1681 414 1744 tandemquantum
424 1682 535 1737 adeatur,
547 1693 622 1741 quem
634 1681 710 1729 l'allltl
721 1682 748 1728 P.
759 1681 869 1731 Licinius

97 1749 125 1799 in
134 1750 212 1809 ltalia,
225 1752 250 1801 P.
265 1752 345 1816 Scipio
351 1752 445 1801 bellum
456 1755 483 1799 in
495 1753 574 1799 ,llnca
584 1760 661 1810 geret.
672 1750 751 1807 Quid?
762 1752 783 1799 si
794 1753 870 1815 (quod

97 1833 184 1871 omnes
193 1821 229 1871 dii
238 1835 309 1871 omen
316 1829 437 1879 avertant.
450 1828 475 1869 et
484 1820 566 1870 dicere
575 1820 651 1869 etiam
659 1821 804 1871 reformidat
815 1823 869 1871 ani-

97 1906 166 1950 mus3
182 1892 225 1942 sed
242 1905 298 1956 quae
317 1893 466 1950 acciderunt,
488 1891 598 1940 accidere
616 1891 725 1956 possunt)
746 1900 771 1942 et
789 1893 870 1945 victor

97 1963 216 2012 Hannibal
229 1962 267 2011 ire
280 1965 311 2012 ad
322 1962 412 2012 Urbem
422 1971 518 2025 pergat,
530 1967 584 2010 tum
596 1960 696 2010 demum
707 1971 732 2011 te
741 1968 870 2014 consulem

97 2047 126 2083 ex
140 2034 229 2087 Africa,
244 2034 308 2083 sicul
317 2035 344 2091 Q.
359 2032 473 2081 Fulvium
484 2034 599 2093 acapna,
613 2033 866 2094 arcessamusltiuid,

96 2105 163 2168 quod
173 2103 200 2153 in
213 2104 294 2153 dl'rrca
303 2116 403 2166 quoque
414 2103 473 2152 llars
486 2104 623 2152 communis
632 2103 690 2151 belli
699 2103 732 2168 (6)
745 2104 812 2154 erit‘l
823 2105 870 2154 lto·

96 2190 153 2226 mus
167 2174 215 2224 tibi
230 2181 282 2232 tua,
295 2180 365 2236 pater
375 2182 539 2236 patruusque,
550 2172 616 2222 intra
628 2173 731 2235 triginta
747 2175 800 2224 dics
812 2190 869 2224 cum

96 2245 245 2296 exercitibus
257 2244 322 2302 cusi,
337 2244 484 2293 documento
493 2243 558 2302 sint;
571 2243 614 2293 ubi
622 2259 668 2308 per
679 2246 774 2307 aliquot
783 2261 869 2308 annos,

96 2317 210 2366 maximis
221 2317 296 2365 rebus
305 2321 371 2364 terra
379 2315 492 2378 marique
500 2315 623 2377 gerendis,
633 2317 816 2378 amplissimum
825 2331 870 2365 nc-

95 2400 153 2436 men
162 2387 227 2449 apud
233 2391 419 2447 exterasgeutes
426 2385 620 2448 populillomani
626 2388 870 2450 vestraequelamiliae

95 2458 214 2506 lacerant.
220 2457 277 2504 Dies
282 2469 321 2504 me
331 2454 436 2515 deliniat,
445 2457 465 2505 si
471 2469 544 2518 reges
549 2456 766 2519 imperatoresque
775 2466 869 2507 temere

96 2527 239 2576 inhostium
250 2536 328 2576 terras
335 2533 502 2588 transgressos
510 2541 568 2575 cum
578 2528 691 2577 cucumis
698 2527 807 2577 cladibus
817 2526 869 2575 suis

95 2646 122 2655 —
138 2623 159 2666 6.
178 2623 239 2666 llere
262 2621 320 2666 belli
341 2622 468 2666 communit
499 2623 870 2668 attachded'avaacelaucuucd'el·

94 2685 141 2728 m'l
161 2685 196 2739 (eu
215 2697 248 2738 gr.
266 2691 327 2734 κοινὸς
344 2685 430 2740 Ἄρης),
446 2685 467 2728 lu
498 2684 538 2728 les.
553 2685 582 2727 Le
595 2697 645 2727 sens
660 2685 688 2726 da
701 2691 757 2728 cette
773 2685 869 2730 locutios

94 2747 181 2790 fortuna
190 2744 218 2788 de
227 2745 248 2787 la
262 2757 342 2799 guerre
351 2758 399 2787 sera
409 2758 468 2788 ccm—
498 2758 591 2802 presque
596 2746 733 2802 proverbiale
738 2755 771 2790 ast
779 2748 869 2804 ludique

94 2810 174 2863 mune(
183 2807 285 2851 auxdcux
291 2809 371 2862 parties
377 2807 467 2862 bellige-
497 2810 551 2852 daus
559 2816 615 2852 cette
625 2811 704 2865 phrase
719 2812 746 2854 de
762 2811 868 2865 crearem

91 2871 236 2925 mutcslmlle
246 2871 365 2913 lavensem
376 2871 466 2913 l'uncou
495 2870 568 2922 Quum
583 2873 656 2914 omnis
670 2872 726 2915 belli
738 2874 799 2917 llars
808 2888 868 2920 ccm-

80 2928 161 2972 l'anlrc
170 2933 184 2974 d
194 2944 235 2975 son
243 2933 292 2987 gre,
301 2934 358 2976 mnis
364 2933 406 2977 ella
412 2934 467 2978 n'est
494 2933 608 2985 auriliaci
614 2945 685 2989 quum
690 2946 777 2990 semper
784 2936 868 2981 incerti
