1904 3216
85 177 103 224 Ψ
129 202 175 252 aso
278 168 282 173 ’
434 202 639 254 omnoaus.

158 315 255 364 Nullam
274 315 457 366 aemulationem
480 317 545 366 inter
565 330 592 366 se
615 315 778 378 singularum,
801 317 900 379 quando

128 385 196 434 nulla
209 386 322 442 haberet,
336 401 391 437 esse
409 387 499 436 aiebat.
516 389 553 445 dt,
567 387 678 442 hercule.
691 386 815 435 universis
829 387 900 436 dolor

127 462 152 506 et
164 456 302 518 indignatio
316 465 361 515 est,
380 472 458 521 quum
472 458 597 508 sociorum
609 458 688 506 Latini
700 457 808 506 nominis
816 458 901 506 uxori-

126 526 173 576 bus
188 526 272 577 vident
292 542 320 578 ea
340 543 457 578 concessa
474 533 629 588 ornamenta,
643 541 698 589 quae
718 527 768 576 sibi
788 527 901 590 adempta

127 597 190 655 sint;
205 613 284 660 quum
299 599 415 662 *insignes
428 613 469 649 eas
484 613 537 649 esse
550 612 612 648 auro
631 603 656 646 et
674 611 801 660 purpura;
823 611 900 659 quum

128 663 183 718 illas
194 670 251 717 vehi
261 682 307 732 per
318 671 415 725 urbem,
432 683 458 719 se
471 669 576 732 pedibus
586 668 659 729 sequi
671 685 683 715 ¹:
702 674 819 728 tanquam
833 667 859 716 in
870 669 901 716 il-

128 738 210 787 larum
231 739 381 794 civitatibus.
396 754 446 790 non
464 740 491 788 in
505 754 558 797 sua,
578 739 712 801 imperium
728 740 768 788 sit.
786 739 900 789 Virorum

127 808 175 856 hoc
187 808 282 858 animos
293 809 427 861 vulnerare
436 816 517 874 posset
533 825 540 859 a
552 809 614 872 quid
630 809 836 859 muliercularum
848 823 901 859 cen·

128 880 193 937 setis,
208 892 270 941 quas
287 880 362 929 etiam
377 894 452 944 parva
468 880 588 930 movent?
599 879 652 929 lion
670 880 839 939 magistratus,
855 893 901 929 nec

128 950 273 1008 sacerdotia,
291 964 338 999 nec
353 951 484 1014 triumphi,
501 964 547 1000 nec
562 950 679 1013 insignia,
703 964 749 999 nec
771 949 834 998 dona
859 958 900 1000 aut

127 1021 205 1083 spolia
223 1020 310 1071 bellica
325 1021 364 1070 his
378 1023 522 1083 contingere
537 1026 648 1083 possunt.
667 1018 801 1077 blanditiae,
816 1024 842 1068 et
857 1033 901 1068 or·

128 1097 209 1147 natus,
221 1097 246 1139 et
256 1092 346 1148 cultus,
357 1091 409 1141 baec
417 1092 569 1141 feminarum
583 1090 686 1153 insignia
701 1096 759 1138 sunt
771 1106 777 1136 z
788 1089 827 1138 his
839 1103 901 1150 gau-

128 1159 187 1209 dent
200 1167 225 1210 et
237 1162 393 1223 gloriantur:
404 1161 472 1210 hunc
489 1161 611 1214 mundum
627 1161 773 1209 muliebrem
788 1160 900 1221 appella-

72 1295 73 1298 *
129 1237 187 1278 runt
195 1232 300 1293 majores
311 1230 401 1280 nostri.
411 1229 582 1286 Quidaliudin
592 1231 670 1288 luctu,
680 1243 755 1292 quam
761 1241 900 1291 purpuram

130 1305 202 1361 atque
213 1314 301 1349 aurum
312 1301 453 1362 deponunt?
466 1301 534 1363 quid,
546 1314 624 1363 quum
636 1301 774 1359 eluxerunt,
783 1299 901 1349 sumunt?

128 1369 189 1431 quid
200 1368 227 1416 in
242 1369 450 1430 gratulationibus
460 1369 739 1432 supplicationibusque,
758 1368 807 1418 nisi
819 1370 901 1419 excel-

129 1438 259 1487 lentiorem
272 1448 397 1496 ornatum
410 1437 549 1502 adjiciunt?
559 1467 589 1476 —
600 1440 698 1489 Scilicet
711 1439 769 1503 (18),
786 1440 807 1488 si
818 1440 899 1502 legem
917 1438 919 1443 ’

130 1508 231 1570 Oppiam
250 1509 438 1570 abrogamritis,
454 1524 505 1559 non
517 1509 593 1559 vestri
610 1510 710 1558 arbitrii
727 1510 785 1567 erit,
802 1511 822 1558 si
839 1511 899 1572 quid

129 1579 182 1638 eius
196 1585 280 1626 vetare
290 1579 428 1637 volueritis,
440 1581 505 1642 quod
515 1593 581 1629 nunc
596 1579 634 1628 lex
643 1585 707 1628 vetat
717 1595 724 1627 τ
736 1579 821 1629 minus
833 1580 899 1640 filiae,

131 1661 227 1705 uxores,
241 1663 337 1698 sorores
351 1650 429 1698 etiam
440 1650 586 1714 quibusdam
601 1649 627 1698 in
644 1663 719 1699 manu
732 1655 817 1699 erunt.
832 1650 901 1699 llun-

130 1729 212 1778 quam,
230 1719 304 1768 salvis
320 1719 372 1768 suis
390 1720 449 1783 llil),
468 1721 569 1770 exuitur
581 1721 688 1769 servitus
701 1719 833 1768 muliebris
851 1734 857 1768 :
876 1726 901 1769 et

130 1787 190 1849 ipsae
199 1789 349 1849 libertatem,
359 1805 435 1852 quam
443 1791 552 1840 viduitas
560 1796 587 1840 et
594 1789 688 1839 orbitas
696 1789 765 1846 iacit,
778 1790 901 1839 detestan-

131 1862 181 1908 tur.
192 1859 221 1907 ln
229 1856 311 1909 vedtro
322 1861 425 1911 arbitrio
437 1876 510 1911 suum
518 1868 642 1920 ornatum,
653 1874 728 1924 quam
737 1859 764 1909 in
771 1860 840 1922 legis,
849 1875 902 1910 ma-

130 1926 186 1976 lunt
195 1942 256 1976 esse.
271 1930 299 1976 llt
310 1943 352 1977 vos
366 1932 391 1977 in
402 1944 477 1978 manu
492 1936 517 1978 et
531 1929 616 1988 tutela,
630 1942 680 1978 non
694 1928 842 1993 inseruitio,
859 1929 902 1977 de-

131 1998 193 2046 betis
209 1999 297 2047 babere
310 2013 360 2056 eas;
376 2005 401 2048 et
421 1998 494 2048 malle
508 2001 590 2062 patres
611 2012 655 2048 uos
675 2005 719 2048 aut
735 1999 811 2058 viros,
827 2011 903 2062 quam

131 2067 252 2126 dominos,
261 2069 318 2117 dici.
330 2069 459 2119 invidiosis
473 2069 617 2119 nominibus
626 2070 746 2119 utebatur·
756 2071 830 2119 modo
840 2082 902 2119 con-

131 2139 176 2195 sul,
190 2139 335 2188 seditionem
355 2139 504 2189 muliebrem
525 2145 550 2189 et
565 2140 729 2190 secessionem
744 2140 899 2203 appellando.

130 2209 157 2257 ld
167 2210 234 2258 enim
246 2211 385 2271 pericnlum
397 2219 443 2268 est,
454 2224 487 2259 ne
499 2210 600 2259 Sacrum
613 2215 731 2269 montem,
746 2212 811 2261 sicut
823 2224 901 2274 quon·

131 2281 186 2328 dam
198 2279 260 2330 irata
274 2281 353 2343 plebs,
365 2287 409 2332 aut
422 2280 569 2330 Aventinum
577 2279 831 2342 captanteniandum
841 2280 902 2332 huic

131 2350 272 2398 infirmitati
290 2357 328 2399 est
347 2349 406 2414 (to),
422 2351 596 2413 quodcumque
612 2363 654 2399 vos
671 2350 830 2402 censueritis.
848 2349 901 2408 Quo

131 2420 187 2481 plus
198 2421 309 2481 potestis,
321 2434 350 2469 eo
357 2421 510 2469 moderatius
521 2420 628 2483 imperio
641 2421 679 2470 uti
691 2422 794 2472 debetis.

132 2571 178 2600 cus.
197 2581 224 2589 -
242 2559 275 2603 18.
298 2559 392 2603 Scilicet
414 2560 503 2616 indique
531 2561 635 2603 viduitas
659 2563 682 2604 et
706 2559 802 2604 orbitas.
820 2581 848 2591 -
865 2560 899 2606 Ὦ.

132 2620 225 2663 l'ironie.
235 2621 304 2664 -19.
315 2622 392 2665 Sulcis
405 2623 462 2674 suis,
472 2636 504 2665 c.·
530 2624 669 2668 Patientiam
691 2623 747 2666 ltuic
763 2623 900 2679 infimitati

131 2682 183 2724 a-d.
190 2683 284 2724 maritis
291 2687 312 2724 et
319 2684 436 2738 patribus,
444 2697 504 2726 com·
530 2688 571 2737 est,
581 2697 637 2741 pour
652 2686 697 2741 pati
713 2685 777 2729 debet
793 2685 901 2741 infirmus

132 2753 166 2784 me
185 2756 213 2786 on
232 2743 252 2786 le
274 2746 318 2786 voit
340 2757 380 2800 par
397 2746 430 2789 les
446 2753 503 2790 mots
530 2747 827 2803 laicsecusquodcrtnpue...
