1904 3216
303 117 340 168 EX
357 120 426 169 Livii
441 119 528 171 alano
544 119 634 171 mn.
809 125 853 174 18:

144 238 295 281 armatorum
310 233 458 293 proiectum,
476 232 597 282 Hannibal
604 239 656 283 toto
669 236 779 285 exercitu
788 237 856 296 velit,

137 309 212 351 eastra
224 304 350 359 invadere,
363 303 452 366 pnaedae
464 303 557 361 inlicta,
568 304 623 352 sine
631 304 734 364 viribus,
750 307 803 357 sine
812 308 858 358 im·

129 373 163 430 io,
174 373 230 421 sine
243 374 373 436 auspicio?

103 488 190 569 amiei-as
200 470 240 533 ejus
249 485 295 524 beili
304 486 378 530 clades,
388 485 428 524 duo
437 486 621 535 consulesproxime
627 496 677 524 anno
686 487 784 526 interfecti
794 492 858 528 ienae-

94 545 101 569 9

118 612 859 675 Hteaomniaaceidisse,qnuinunusimpeiatormnusexen-
914 600 947 655 -¹

86 683 269 732 ciinshosiium
281 685 307 731 in
315 683 386 730 ltalia
394 690 467 732 esset.
478 681 603 730 Huncdun
612 682 674 730 heila
684 682 777 733 Punica
783 686 857 746 saeta,

86 754 149 802 duos
161 753 275 814 ingentes
285 753 415 809 exereitus,
427 752 489 800 duos
501 765 575 814 prope
588 752 734 803 Hannibales
746 755 771 803 in
788 757 858 806 italia

85 837 159 874 esse:
177 824 269 886 quippe
285 831 310 872 et
330 820 515 878 Hasdrubalem,
532 829 603 884 patre
618 823 705 872 eodem
721 825 858 877 Hamilcare

87 894 289 956 genitumque
303 893 439 954 impigrum
459 892 556 948 ducem,
579 906 623 953 per
638 900 676 942 tot
696 894 722 942 in
744 895 858 959 Hispania

85 977 165 1013 annos
176 965 282 1012 Romano
295 964 458 1012 exercitatum
474 962 547 1024 bello,
564 963 663 1022 genuina
677 963 778 1014 victoria
798 966 859 1016 insi-

86 1033 859 1098 gneni,dnobusexercitibnscumclarissimisducibusdeletiS.

87 1107 147 1154 Ham
171 1104 271 1153 itineris
284 1104 384 1164 quideni
398 1103 520 1152 celeritate
533 1116 562 1150 ex
571 1102 683 1163 Hispania
696 1111 722 1152 et
729 1105 860 1156 concitatis

86 1176 119 1226 ad
128 1189 197 1225 arma
205 1175 302 1224 Gailicis
311 1173 434 1236 gentibus,
443 1175 522 1222 multo
532 1173 690 1233 magisquam
698 1174 859 1226 Hannibalem

87 1247 170 1309 ipsuni
185 1245 288 1306 gloriari
301 1258 389 1306 posse:
409 1243 500 1305 quippe
517 1244 542 1289 in
558 1241 588 1290 iis
603 1242 662 1291 locis
675 1243 742 1293 hune
751 1246 860 1308 coegisse

84 1316 234 1374 exercitum,
247 1315 338 1376 quihus
347 1314 389 1363 ine
399 1313 518 1374 majorem
529 1320 624 1374 partein
636 1312 745 1362 militum
756 1316 820 1365 iame
831 1331 860 1367 ae

87 1390 192 1449 tingere,
207 1400 265 1449 quae
278 1385 418 1434 miserrima
435 1383 521 1432 anonis
533 1397 625 1444 genera
640 1392 707 1442 sunt,
726 1385 857 1437 amisisset.

419 1541 505 1591 CXXIX

182 1669 237 1730 Gap.
250 1666 289 1715 ⁴5.
306 1664 382 1717 Verba
396 1662 500 1715 Neronis
516 1662 551 1711 ad
559 1679 616 1713 aune
629 1664 656 1713 in
668 1664 765 1716 itinere.

110 1791 169 1834 Hei-0,
188 1793 291 1838 postquam
308 1787 348 1833 jam
368 1790 441 1823 tantum
451 1784 561 1838 ΙἰιιῑειιζνιιΙΙί
570 1785 594 1822 ab
604 1786 660 1836 Hesie
669 1784 743 1824 iecerat
751 1789 775 1826 ut
793 1787 860 1836 detegi

85 1836 193 1874 eonsilium
201 1834 249 1872 satis
258 1837 323 1870 iuiuin
332 1835 390 1874 esset.
399 1841 467 1878 paneis
476 1831 547 1868 miinea
555 1829 671 1877 alioquinin:

115 1932 197 1977 lamnis
205 1931 291 1974 dessein
305 1942 333 1973 ne
345 1929 384 1971 dut
393 1929 489 1982 panaiire
499 1927 548 1981 plus
560 1926 680 1968 audacieux
694 1933 716 1968 ei
726 1940 753 1969 ne
767 1928 801 1970 ini
811 1928 861 1982 pius

90 1996 129 2037 siin·
137 2006 181 2047 que
193 1992 251 2035 celui
264 1993 295 2035 du
306 1989 397 2034 consul:
417 1987 506 2031 Hermes
520 1988 547 2031 de
559 2001 598 2030 son
614 1987 722 2041 collegae,
737 1988 786 2043 de'ja
796 1990 815 2031 si
823 2003 860 2033 re·

89 2055 203 2107 douiahle,
218 2068 245 2097 va
255 2053 354 2096 receaoir
369 2065 400 2094 un
415 2063 516 2094 nonaeau
529 2051 611 2092 reni'nrt
621 2050 659 2104 qui
670 2049 770 2091 decidam
783 2050 803 2093 ia
816 2052 862 2094 vie·

91 2116 157 2160 noire.
169 2114 198 2157 Le
212 2113 282 2169 gleire
300 2125 349 2156 sera
359 2123 453 2166 presque
465 2116 525 2152 toute
537 2122 593 2164 pour
606 2109 639 2152 les
655 2121 769 2151 nonneaux
783 2122 852 2154 venus

121 2234 200 2296 Nepae
213 2229 290 2279 ullius
305 2226 435 2276 consilium
447 2222 612 2287 imperatoris,
628 2222 654 2270 in
668 2222 776 2283 speeiem
788 2225 864 2274 auda-

87 2304 152 2360 eius,
164 2315 192 2350 ne
207 2300 257 2363 ipsa
266 2297 345 2356 tutius
357 2298 441 2355 inisse,
454 2309 528 2358 quana
538 2308 620 2342 suum.
633 2293 668 2340 nd
679 2299 772 2340 certam
784 2307 827 2345 ens
835 2309 862 2347 se

88 2373 215 2424 victoriam
236 2369 344 2427 ducere3
360 2368 452 2430 quippe
469 2366 500 2414 ad
518 2365 580 2424 qnod
595 2364 688 2411 belluna
703 2362 796 2425 collega
812 2379 861 2413 non

88 2451 156 2501 anie,
166 2455 241 2504 quam
253 2441 284 2488 ad
297 2440 434 2488 satietatem
450 2435 528 2497 ipsius
539 2437 623 2495 pennu
636 2458 647 2475 ‚.
661 2440 734 2493 atque
749 2434 862 2495 equinum

89 2516 153 2565 datae
162 2513 193 2561 ab
204 2517 291 2560 senatu
301 2509 378 2571 eopiae
389 2507 499 2559 inissent,
512 2503 618 2565 maja-es
630 2501 861 2566 instructionesque,

88 2583 196 2648 quamsi
208 2581 326 2630 adversus
340 2578 422 2639 ipsum
438 2574 595 2622 Hannibalem
608 2572 664 2626 inea,
684 2573 807 2631 proiectus
820 2574 861 2630 sit,

89 2669 120 2705 ee
129 2656 206 2716 ipsos,
213 2657 440 2714 quaniuineumque
450 2644 541 2693 niniuin
551 2648 704 2690 inninentuin
715 2641 746 2704 (1)
760 2643 864 2691 addide-

116 2775 204 2820 CXXlX.
233 2776 253 2816 i.
288 2773 425 2815 Homeritam
449 2781 461 2810 a
490 2770 552 2817 tum.
565 2763 645 2810 eea-ii.
664 2761 693 2808 ia
711 2761 776 2820 quea
796 2765 878 2803 manet

91 2839 120 2883 iei
127 2851 166 2881 son
174 2835 328 2890 sensprimi'nn;
337 2832 463 2877 ›tinnimen-
492 2831 614 2886 (invicem).
626 2841 655 2874 ea
666 2827 708 2884 nni
726 2827 773 2868 ian
783 2821 890 2878 pens-inea
