1904 3216
130 148 197 217 ‘tao'
440 140 600 218 onarronas

130 298 189 334 esse
204 282 304 345 imperii
316 283 355 332 sui
368 282 494 339 duxerint,
505 296 559 330 eam
572 281 633 346 [nos]
650 296 717 333 nunc
728 284 827 345 plenam
842 285 904 334 bos-

132 355 198 404 tium
206 354 417 415 Numidarumque
424 367 452 401 ac
458 353 599 402 llaurorum
603 353 655 415 jam
662 354 904 404 lactamvideamus‘l

133 425 177 486 qui
185 424 267 484 modo,
276 427 412 485 Saguntum
425 423 562 485 oppugnari
573 423 904 485 indignandomonbomines

131 501 239 550 tantum,
250 495 293 543 sed
302 494 393 542 loedera
407 500 433 543 et
445 494 504 542 deos
520 493 654 552 ciebamus,
667 495 825 543 scandentem
843 508 906 542 moc-

130 565 175 613 nia
195 565 310 612 Romanae
329 563 433 612 coloniae
451 563 609 613 Hannibalern
625 564 686 613 lenti
701 563 735 628 (t)
752 571 904 626 spectamus.

132 634 226 683 {tumus
234 647 263 682 ex
272 632 393 682 incendiis
399 633 514 682 villarum
524 648 690 696 agrorumque
697 635 724 683 in
734 634 818 685 oculos
828 641 904 698 atque

132 718 179 753 ora
189 703 268 760 venit;
285 708 399 765 strepunt
410 717 483 752 aures
495 704 647 754 clamoribus
661 705 812 767 plorantium
821 705 905 755 socio-

131 789 199 833 rum,
211 773 303 836 saepius
315 787 360 829 nos
371 787 446 835 quam
457 774 562 822 deorum
572 775 739 823 invocantium
752 788 843 838 opem:
860 789 906 825 nos

133 844 175 894 bic
186 856 305 907 pecorum
318 843 390 891 modo
401 856 447 905 per
461 844 559 892 aestivos
572 844 649 893 saltus
660 845 695 908 (ὅ)
706 844 839 908 deviasque
856 847 905 896 cal-

130 917 170 965 les
179 914 315 964 exercitum
328 912 452 969 ducimus,
462 914 552 962 conditi
563 914 672 964 nubibus
680 915 808 978 silvisque.
821 917 846 965 Si
856 919 906 967 boc

130 985 206 1035 modo
215 984 369 1046 peragrando
377 983 506 1039 cacumina
512 985 641 1047 saltusque
652 985 681 1032 ll.
693 985 783 1035 Furius
791 987 905 1048 recipere

128 1071 148 1106 a
164 1055 240 1104 Gallis
248 1056 339 1103 urbem
350 1053 477 1111 voluisset,
492 1069 542 1117 quo
553 1055 682 1104 hicnovus
694 1056 820 1115 Camillus,
833 1058 905 1108 nobis

134 1126 240 1176 dictator
261 1126 348 1174 unicus
368 1125 396 1174 in
413 1125 490 1175 rebus
508 1126 604 1175 allectis
620 1126 748 1188 quaesitus,
765 1127 861 1178 ltaliam
874 1131 905 1179 ab

132 1197 268 1247 Hannibale
274 1210 426 1258 recuperare
434 1202 513 1257 parat,
522 1197 646 1245 Gallorum
658 1198 734 1246 Roma
742 1206 819 1248 esset:
831 1214 906 1261 quam

133 1282 221 1319 vereor
235 1282 276 1324 ne,
291 1267 329 1316 sic
346 1266 517 1316 cunctantibus
537 1267 615 1324 nobis,
633 1268 760 1318 Hannibali
777 1284 806 1320 ac
824 1271 906 1320 Poenis

130 1339 206 1388 toties
215 1337 366 1387 servaverint
375 1337 481 1398 majores
490 1336 578 1386 nostri.
592 1338 638 1386 Sed
649 1339 695 1396 vir,
705 1353 733 1389 ac
745 1354 803 1390 vere
815 1341 906 1390 Roma-

131 1424 190 1466 nus,
205 1423 255 1470 quo
266 1407 307 1456 die
318 1407 464 1457 dictatorem
477 1421 570 1456 eumer
582 1409 730 1458 auctoritate
739 1411 840 1460 Patrum
848 1412 908 1474 jus·

39 1486 51 1533 ,’
129 1493 215 1540 suque
227 1477 313 1539 populi
335 1476 438 1532 dictum,
453 1475 521 1525 Veios
533 1477 636 1526 allatum
648 1485 693 1536 est,
704 1494 781 1542 quum
790 1489 856 1531 esset
865 1497 906 1531 sa-

131 1549 167 1598 tis
177 1549 257 1596 altum
266 1547 416 1604 laniculum,
427 1546 470 1595 nbi
479 1548 567 1596 sedens
575 1555 745 1610 prospectaret
753 1551 858 1609 hostem,
865 1553 907 1600 de·

129 1616 263 1667 scenditin
275 1629 385 1677 aequum,
393 1622 467 1678 atque
481 1615 524 1665 illo
535 1616 635 1678 ipsodie
647 1618 728 1668 media
740 1619 767 1668 in
776 1623 849 1677 urbe,
857 1635 907 1683 qua

134 1702 201 1737 nunc
212 1689 284 1736 busta
300 1687 388 1735 Gallica
403 1687 437 1749 (l)
447 1694 512 1743 sunt,
525 1692 550 1736 et
559 1695 657 1750 postero
668 1689 717 1747 die,
729 1690 791 1740 citra
806 1691 905 1749 Gabios,

130 1759 225 1810 cecidit
238 1758 362 1806 Gallorum
379 1757 496 1817 legiones.

166 1827 243 1885 Quint
256 1835 312 1890 post
333 1828 424 1876 multos
437 1841 524 1884 atinus,
541 1842 618 1890 quum
633 1829 665 1878 ad
680 1829 800 1880 Furculas
813 1831 905 1880 Gaudi—

133 1913 179 1948 ·nas
190 1899 226 1962 (5)
238 1898 268 1947 ab
279 1898 387 1947 Samnite
395 1897 466 1945 hoste
477 1899 524 1946 sub
532 1899 622 1960 jugum
632 1899 701 1948 missi
714 1912 809 1959 sumus,
820 1907 906 1950 utrum

134 2040 215 2098 parles
229 2039 345 2090 Sarrasins,
357 2047 406 2082 sont
414 2040 464 2094 pres
481 2041 507 2083 de
535 2042 574 2083 nin
582 2041 608 2084 de
619 2042 695 2094 collis,
706 2045 744 2096 qui
753 2049 787 2086 ost
796 2043 906 2097 plausuu-

132 2104 208 2149 Roccu
239 2100 401 2156 Hondrupone.
435 2125 462 2134 -
486 2102 505 2144 2.
534 2102 906 2147 ventmasculin.Lesmotsoondt'ti

135 2166 210 2217 Lenti,
229 2179 282 2210 avec
300 2164 449 2207 indifference.
467 2165 507 2207 Les
534 2162 764 2217 nubibusrappellent
775 2176 799 2206 ca
813 2164 907 2219 qu'llan-

135 2229 250 2272 meillenrs
267 2228 399 2271 manuscrits
422 2233 507 2282 portent
534 2225 906 2280 nibaltttplusrardtecettomtmc

137 2290 193 2343 lacti,
209 2290 284 2333 c.-a-d.
297 2301 347 2332 sans
362 2300 418 2331 nous
431 2288 508 2331 laisser
534 2287 606 2329 armee
621 2288 662 2340 (cb.
681 2287 732 2340 tabl:
751 2287 846 2331 tandem
855 2300 907 2331 eom

136 2353 232 2394 attrlster
248 2364 304 2406 pour
319 2350 373 2393 cela.
391 2374 418 2383 -
432 2350 453 2394 ὅ.
464 2350 508 2394 Per
534 2348 618 2391 nutem
638 2361 688 2404 quae
705 2349 784 2392 sedere
802 2349 828 2392 in
840 2350 907 2406 Jupis

131 2413 227 2457 asticos
238 2413 324 2463 cultus,
335 2412 430 2467 epitheta
445 2413 508 2467 (pour
534 2409 648 2454 montium
657 2410 729 2453 solitu
739 2410 778 2461 sit,
789 2423 841 2454 cum
849 2423 907 2467 pro-

136 2475 192 2516 ainsi
201 2474 255 2526 direl
267 2473 294 2515 de
303 2475 508 2523 circonstance‚mo-
534 2472 594 2515 cello
616 2471 712 2515 imbrem
729 2472 824 2515 deditae.
841 2495 869 2505 -
886 2473 907 2516 l.

136 2533 194 2575 rivae
212 2545 252 2588 par
270 2532 302 2575 les
320 2540 377 2576 muts
398 2545 508 2588 pecorum
535 2534 605 2576 Busta
624 2534 732 2585 Galliam
747 2547 795 2590 vop.
811 2535 832 2578 le
849 2534 909 2579 Nur·

134 2592 433 2648 moco:1esn·0upaauxan
447 2593 507 2636 ltalie
535 2596 646 2648 rationes,
670 2609 691 2652 p.
717 2596 751 2649 63,
769 2604 791 2639 et
808 2602 868 2640 tonte
888 2595 909 2639 la

138 2660 229 2710 (comme
239 2669 267 2699 en
274 2656 354 2709 Suissel
363 2663 450 2712 possent
460 2655 508 2699 l'ete
534 2656 648 2701 Narration
673 2656 734 2709 xx11,
751 2664 867 2702 contenent
887 2659 908 2700 lo

137 2717 507 2772 surleshauteursdesmontagnas.
535 2719 624 2762 recitcle
637 2731 674 2762 ces
688 2720 744 2763 deux
763 2720 865 2762 victoires
881 2719 909 2763 de

136 2781 165 2825 Ge
183 2792 272 2834 passage
295 2780 322 2822 dc
345 2780 454 2823 ‘lite-Live
476 2788 508 2822 est
535 2780 699 2824 Camillo-5.
719 2781 834 2825 Furculas
850 2781 909 2824 Gou-

134 2841 225 2896 citepar
233 2840 253 2884 lc
264 2843 418 2896 grammairien
428 2842 508 2883 Nonius
535 2840 617 2884 dinaei
644 2854 709 2898 rupea
740 2842 760 2884 ln
794 2841 906 2884 Narration

134 2916 222 2947 comme
230 2903 327 2960 exemplu
335 2903 364 2946 du
372 2903 509 2958 genrele'mi·
535 2900 613 2942 xxttt.
