1904 3216
98 188 146 240 mr
405 185 588 253 omrronus-¹
641 236 642 240 ,

99 305 149 353 mel
159 303 313 367 Equideml-l)
322 302 499 351 moderationis
506 316 568 351 meaa
574 301 741 352 certissimum
748 299 880 354 indicium

98 382 145 434 est,
153 375 219 436 quod
226 389 257 424 ne
264 374 338 423 victis
345 373 448 436 quidem
455 373 563 435 superbe
577 371 750 435 imperolleni
764 373 835 423 enim
850 374 880 424 in

99 445 248 502 Asiammon
254 450 284 493 ut
291 443 404 493 funditus
416 449 554 492 everterem
561 449 656 504 gentes,
665 456 712 492 nee
724 448 754 492 ut
768 443 880 495 dimidia

99 521 169 578 parte
184 521 309 564 terrarum
323 513 483 563 solitudinem
497 513 614 570 facerem,
628 512 672 561 sed
686 518 716 561 ut
730 512 797 571 illos,
810 527 881 576 quos

99 586 330 647 bellosubegissem,
339 584 452 634 victoriae
457 597 518 633 meae
525 584 725 647 nonpoeniteret.
735 585 881 647 1111111111-

98 655 313 712 litantrobiscum,
321 668 367 718 pro
375 654 482 717 imperio
494 661 577 714 vestro
591 654 739 716 sanguinem
754 654 878 715 fundunt,

99 726 142 788 qui
150 727 257 788 superbe
262 725 344 774 habiti
353 724 524 774 rebellassent.
532 726 585 775 Non
598 730 636 774 est
649 723 771 773 diuturna
778 738 881 787 posses·

99 797 145 852 sio,
153 796 181 845 in
188 809 263 858 quam
269 795 353 858 gladio
358 795 516 844 inducimur:
526 794 704 845 beneficiorum
715 794 799 855 gratia
810 809 881 846 sem-

85 864 196 930 piterna
221 873 266 915 est·
295 866 319 914 Si
336 866 429 914 habere
448 865 541 923 Asiam,
560 879 612 915 non
630 864 738 914 transire
748 865 878 923 volumus,

99 951 155 986 curn
163 937 203 985 his
212 935 417 985 communicanda
425 940 463 984 est
470 941 555 984 nostra
562 934 690 984 clementia
698 949 704 991 ;
713 935 807 984 horum
813 935 880 988 fides

98 1007 345 1057 stabileetaeternum
359 1006 435 1055 faciet
448 1005 592 1068 imperium.
609 1007 639 1055 Et
651 1018 711 1055 sane
725 1006 782 1067 plus
797 1000 880 1057 habe·

98 1092 155 1126 mus
165 1090 239 1138 quam
252 1076 371 1137 capimus.
386 1075 536 1125 Insatiabilis
548 1081 631 1124 autem
644 1074 755 1124 avaritiae
770 1082 816 1134 est,
834 1079 881 1128 ad·

99 1149 147 1198 huc
157 1146 260 1208 implere
271 1144 343 1199 velle,
356 1145 421 1206 quod
431 1146 483 1205 jam
492 1144 644 1194 circumfluit
656 1143 880 1207 (bl-Verumta-

99 1231 156 1267 men
172 1229 261 1265 eorum
275 1229 357 1264 mores
366 1215 393 1263 in
411 1216 552 1264 llacedonas
571 1214 730 1264 transfundo!
745 1213 775 1263 ln
787 1218 879 1268 multis

100 1287 167 1337 enim
178 1287 294 1348 gentibus
302 1299 356 1334 esse
364 1285 434 1334 video
446 1299 502 1347 quae
514 1300 564 1335 non
577 1287 753 1336 erubescamus
765 1285 886 1348 imitari;-

100 1370 147 1407 nec
158 1357 232 1405 aliter
244 1361 341 1404 tanturn
358 1354 491 1418 imperium
506 1363 563 1417 apte
581 1356 634 1416 regi
649 1362 738 1418 potest,
757 1370 837 1420 quam
849 1372 880 1414 ut

100 1427 215 1490 quaedam
227 1433 253 1475 et
268 1426 397 1474 tradamus
411 1424 470 1481 illis,
483 1430 508 1474 et
523 1424 554 1472 ab
565 1424 652 1474 iisdem
663 1424 799 1475 discamus.

131 1497 196 1546 lllud
206 1509 276 1557 paene
286 1494 390 1552 dignum
397 1494 450 1542 risu
464 1495 522 1551 luit,
534 1495 599 1556 quod
609 1495 751 1545 Hermolaus
762 1497 879 1557 postula-

98 1567 140 1616 bat
151 1581 164 1615 a
174 1580 222 1622 me,
232 1571 261 1614 ut
270 1578 398 1613 aversarer
407 1564 502 1620 lovem,
511 1562 583 1626 cujus
590 1565 691 1614 oraculo
701 1579 830 1627 agnoscor.
839 1568 878 1616 An

99 1636 238 1698 etiamquid
250 1636 284 1684 dii
294 1635 469 1697 respondeant,
478 1637 505 1685 in
515 1649 568 1684 mea
582 1642 702 1697 potestate
714 1636 769 1685 est?
779 1637 880 1686 Obtulit

98 1706 256 1760 nomenfilii;
268 1706 379 1766 recipere
389 1706 448 1768 ipsis
455 1707 540 1762 rebus,
550 1719 613 1768 quas
620 1706 724 1767 agimus,
734 1707 800 1756 haud
813 1708 878 1757 alie—

98 1792 159 1826 num
166 1776 222 1826 fuit.
234 1775 331 1824 Utinam
339 1775 393 1824 Indi
402 1789 500 1838 qnoque
508 1776 583 1824 denrn
591 1788 643 1825 esse
654 1790 693 1824 me
701 1776 818 1825 credant!
833 1777 878 1826 Fa·

98 1845 281 1896 maonimbella
289 1852 410 1902 constant,
418 1852 443 1893 et
450 1859 515 1908 saepe
523 1845 598 1893 etiam
606 1845 672 1908 quod
679 1845 740 1894 falso
748 1846 878 1898 creditum

100 1924 144 1973 est,
164 1916 217 1966 reri
239 1915 317 1964 ricem
338 1914 455 1964 obtinuit.
475 1917 511 1963 lln
523 1929 563 1962 me
576 1914 680 1962 luxuriae
701 1914 878 1976 indulgentem

99 1990 196 2049 putatis
206 2001 276 2036 arma
289 1994 368 2034 restra
381 2000 442 2034 auro
455 1991 607 2047 argentoque
622 1985 770 2034 adornasse?
783 1986 879 2036 Assue-

35 2116 39 2123 ,
99 2060 130 2106 tis
149 2057 211 2106 nihil
227 2058 302 2105 vilius
323 2057 368 2105 hac
386 2057 465 2105 videri
479 2055 584 2104 materia
597 2055 663 2104 volui
677 2056 817 2112 ostendere,
830 2058 878 2107 lla·

99 2130 212 2184 redonas,
229 2128 333 2176 invictos
345 2128 445 2182 ceteris,
451 2142 492 2176 ·ne
505 2140 565 2175 auro
577 2127 679 2188 quidem
693 2125 768 2175 vinci.
786 2126 878 2178 Oculos

99 2213 160 2259 ergo
180 2200 292 2261 primum
309 2212 405 2252 eorum,
425 2196 525 2246 sordida
540 2197 624 2246 omnia
639 2202 664 2244 et
680 2196 785 2245 humilia
801 2211 877 2259 speo-

97 2272 257 2335 1111111116),
269 2272 375 2332 capiam,
389 2278 414 2320 et
425 2272 527 2327 docebo,
537 2284 637 2320 nosnon
650 2270 706 2320 auri
718 2276 761 2319 aut
774 2274 876 2332 argenti

98 2343 211 2404 cupidos,
230 2342 365 2391 sedorbem
382 2349 509 2391 terrarum
526 2341 672 2390 subacturos
686 2340 780 2390 venire.
796 2342 876 2397 Quam

99 2411 205 2472 gloriam
215 2416 251 2469 tu,
262 2411 396 2474 parricida,
404 2411 555 2472 intercipere
563 2410 671 2468 voluisti,
682 2416 708 2459 et
720 2410 875 2469 Macedonas,

99 2497 158 2545 rege
166 2482 288 2544 adempto,
298 2480 399 2531 devictis
407 2483 523 2543 gentibus
531 2481 628 2534 dedere.
815 2538 818 2544 Ι

130 2559 159 2605 nt
170 2568 235 2604 nuno
246 2567 332 2603 mones
343 2567 391 2608 me,
402 2558 430 2600 ut
441 2551 528 2601 vestris
538 2551 684 2612 parentibus
695 2553 810 2613 parcam!
820 2552 876 2604 Non

99 2734 127 2776 dn
143 2734 174 2775 lui
190 2733 272 2776 altirer.
283 2757 310 2765 -
319 2733 339 2776 1.
350 2730 470 2789 Equidem,
498 2727 612 2772 1111111111.
632 2727 660 2771 lle
678 2729 761 2779 meme,
773 2741 802 2771 au
816 2726 875 2772 llise·

99 2794 472 2850 11111111116111111111.1111511-
498 2790 569 2834 llll:
591 2791 701 2834 seminudis
720 2790 797 2839 rebus,
822 2801 877 2845 quae

96 2863 155 2899 ruste
174 2869 196 2912 p.
216 2857 264 2901 5:58.
284 2880 310 2887 —
326 2859 346 2901 5.
369 2857 472 2900 Circum·
498 2855 666 2909 circumfluunt
685 2864 730 2896 vos.
743 2851 801 2894 -6.
818 2851 877 2909 Spe·

84 2917 152 2975 slur't,
171 2920 249 2967 c.-it·d.
263 2919 368 2979 undique
384 2916 474 2976 osli-nil,
500 2915 684 2970 olore-,regarder
705 2925 826 2957 comme...
847 2936 876 2947 -
