1904 3216
291 181 328 229 Ell
350 178 494 229 salttlsttt
509 177 662 230 HISTORIIS·
811 181 856 230 581

87 297 234 347 memoriam
245 293 452 356 humanigeneris
458 293 487 356 (6)
495 293 644 357 suppliciam
651 299 708 356 post
719 295 853 358 lutumstlt

87 367 233 429 composuit,
245 367 300 428 quis
306 365 376 428 prius
388 365 478 426 injuria
487 365 618 426 quamvita
631 370 698 414 certa
714 371 789 421 esset3
800 380 859 426 pra·

86 439 244 498 vissumeque
267 437 297 497 (8)
311 449 355 498 per
371 434 472 484 sceleris
488 433 669 483 immanitatem
688 434 768 482 adhuc
788 442 857 484 tutus

87 507 145 563 luit,
155 507 215 554 dum
225 519 265 553 ms
273 513 341 554 metu
353 503 566 566 graviorisserviti
576 504 736 565 arepetunda
742 503 858 554 libertate

87 575 217 626 terremini
231 575 275 637 (9).

118 646 245 710 Agendum
252 653 325 709 atque
332 648 429 697 obviam
439 647 550 696 eundum
559 652 606 703 est,
614 645 734 705 Quirites,
741 660 773 696 ue
780 649 857 710 spolia

88 725 169 767 tustra
183 731 257 780 penes
266 716 320 767 illos
330 717 380 767 sint
390 733 396 765 ε
408 730 458 765 non
464 715 639 777 prolatandum
650 716 800 777 nequeuntis
808 730 857 779 pa-

88 787 270 845 randaauxilia,
283 784 727 847 nisil'ortesperatistaediumjamaut
737 785 856 847 pudorem
929 783 931 787 ’

87 857 225 920 tyrannidis
236 857 309 907 Sullae
323 863 532 917 esse,eteumper
541 856 621 904 scelus
630 856 858 918 occupatapericu-

87 925 165 977 losius
176 926 336 975 dimissurum
347 925 405 989 (10).
417 927 446 974 lt
458 925 501 975 ille
512 938 541 974 eo
552 924 679 987 processit,
688 932 716 975 ut
729 926 792 974 nihil
802 927 857 986 glo-

86 995 181 1046 riosum
195 995 242 1045 nisi
257 1001 338 1044 tutum
353 1001 376 1044 et
386 994 468 1043 omniu
480 994 617 1043 retinendae
626 994 798 1045 dominationis
806 995 853 1058 (11)

86 1066 190 1116 honesta
195 1070 315 1114 aestumet.
328 1062 537 1127 ltaqueillaquies
546 1071 571 1111 et
576 1063 657 1111 otium
667 1076 725 1111 cum
732 1063 857 1122 libertate,

87 1150 144 1199 quae
157 1136 230 1183 multi
241 1133 311 1196 probi
319 1134 480 1196 potiusquam
488 1133 600 1182 laborem
609 1133 858 1183 eumhonoribusca·

87 1206 225 1270 pessebant.
241 1205 377 1254 nullasunt
389 1220 395 1253 :
408 1206 455 1254 hac
473 1208 616 1265 tempestate
635 1204 795 1253 serviundum
814 1211 857 1253 aut

87 1276 287 1341 imperitandum,
302 1275 430 1325 habendus
443 1281 524 1324 metus
536 1279 573 1323 est
579 1275 857 1336 autlaciundus,0uiri-

87 1353 132 1396 tes.
146 1346 206 1394 llam
222 1346 282 1408 quid
300 1346 383 1394 ultra‘l
397 1359 483 1406 quaere
496 1344 604 1394 humana
617 1351 737 1406 superant
751 1344 798 1407 (11)
814 1351 857 1394 aut

87 1417 171 1467 divina
184 1416 312 1479 impolluta
327 1417 405 1465 sunt‘l
424 1416 532 1477 Populus
548 1415 681 1471 Rotnanus,
699 1415 781 1478 paullo
799 1421 858 1464 ante

87 1487 200 1548 gentium
219 1486 369 1542 moderator,
386 1491 473 1533 exutus
485 1485 600 1547 imperio,
616 1486 704 1546 gloria,
726 1485 791 1548 jure,
806 1487 856 1548 agi·

88 1556 153 1606 tandi
172 1555 219 1618 (15)
239 1556 311 1618 inops
325 1554 513 1616 despectusque.
530 1567 561 1602 ne
573 1553 672 1603 servilia
688 1555 789 1617 quidem
809 1556 858 1604 ali-

88 1632 171 1675 menta
184 1624 232 1689 (11)
242 1626 338 1687 reliqua
349 1624 431 1672 habet.
445 1622 570 1672 Sociorum
581 1631 606 1672 et
618 1625 670 1672 lati
681 1639 770 1687 magna
780 1626 858 1676 visci·

87 1697 160 1744 vitate
176 1710 220 1758 pro
230 1695 314 1743 multis
323 1699 348 1742 et
355 1693 464 1755 egregiis
477 1693 568 1742 fuctisa
581 1694 650 1743 vobis
659 1695 715 1744 data
726 1709 856 1758 perunum

88 1765 259 1828 prohibentur,
272 1772 296 1813 et
307 1763 384 1826 plebis
399 1763 503 1812 innoxiae
517 1764 613 1825 patrias
627 1765 696 1813 sedes
707 1779 858 1827 occupavere

87 1835 157 1897 pauci
166 1834 284 1884 satellites
293 1832 355 1898 (15),
363 1832 503 1882 mercedem
512 1834 643 1882 scelerum.
653 1834 737 1895 Leges,
747 1835 851 1898 judicia,

86 1970 151 2012 Cinnn
170 1976 192 2012 et
211 1969 309 2023 Papirius
327 1968 409 2016 Cerito.
428 1968 457 2009 du
486 1969 599 2023 tesquieu,
611 1968 721 2024 Dialopee
732 1968 856 2013 d'Eucrale

86 2030 180 2086 purtida
193 2029 457 2081 Marius—dilemma,
485 2034 508 2073 et
527 2031 555 2073 de
572 2030 644 2086 Sylla.
665 2046 675 2068 ι
694 2031 758 2085 (Note
779 2030 807 2073 de
827 2031 855 2074 11.

89 2099 134 2135 mot
151 2091 225 2145 ajdute'
243 2103 281 2145 par
300 2090 326 2132 lt.
343 2089 416 2133 Orelli.
431 2115 458 2122 —
484 2092 590 2146 daudet.)
614 2116 642 2124 -
665 2094 699 2135 11.
718 2091 800 2136 Omnia
819 2105 857 2136 re-

87 2155 107 2195 i.
122 2154 148 2196 ln
162 2155 216 2208 post
231 2155 332 2207 futuros,
351 2153 378 2195 La
393 2154 421 2195 lui
431 2153 458 2195 de
485 2154 585 2198 tinentiae
606 2153 784 2204 dominationis,
807 2160 856 2198 tous

87 2214 144 2271 Sylla
165 2216 245 2268 portait
262 2225 305 2268 que
323 2213 355 2256 les
372 2215 459 2256 ediante
485 2215 857 2273 leamoyensde....-12.Supe·

87 2276 125 2317 des
142 2276 244 2330 proscrits
262 2287 291 2317 ne
309 2276 404 2319 sentent
421 2289 458 2331 ms
485 2282 548 2329 rant,
569 2291 625 2334 pour
641 2281 773 2334 supersunt.
784 2279 854 2326 -15,

87 2335 157 2377 admis
167 2347 209 2377 aux
219 2336 392 2388 magistratures.
404 2337 456 2381 -8.
484 2339 597 2395 Apitandi
610 2339 685 2395 inops,
696 2351 752 2394 pout·
769 2339 856 2396 apendt'

87 2395 335 2451 Praniasa'meque'tient
343 2397 386 2440 lieu
395 2398 457 2442 icida
485 2402 604 2458 impotem.
636 2400 727 2444 Salluste
759 2402 855 2454 emploie

87 2464 142 2498 cette
167 2463 274 2498 touruure
297 2457 458 2511 generatement
484 2463 853 2520 plussourentapa'iurequ'apere.

86 2517 173 2560 uslttie:
188 2520 212 2561 et
221 2518 283 2573 quod
294 2521 457 2574 pravissimum
484 2526 552 2569 -11,
565 2525 668 2570 Servilia
682 2523 804 2568 alimania.
827 2525 854 2566 Le

87 2582 127 2620 eat.
137 2602 165 2609 -
173 2579 194 2622 9.
206 2579 335 2624 Terremini
342 2595 397 2636 pour
406 2583 458 2625 ab&
483 2585 614 2630 demensum
624 2586 651 2641 (la
665 2586 743 2639 ration)
753 2584 804 2627 d'un
820 2598 855 2628 es·

88 2639 218 2684 terremini.
238 2663 265 2673 -
285 2643 319 2686 10.
340 2642 397 2685 Eum
412 2657 458 2699 per
483 2647 543 2690 cluve
556 2649 694 2692 e'taitdeld
711 2648 724 2691 5
741 2645 853 2690 boisseaux

87 2699 160 2743 scelus
176 2707 289 2758 occupatu
305 2704 457 2759 periculosius
486 2709 572 2763 (mediat
588 2711 614 2752 da
631 2710 726 2752 frement
739 2719 779 2762 par
790 2708 852 2751 mois.

87 2760 246 2806 dimissurum.
257 2782 266 2803 ι
276 2764 345 2807 Aliter
351 2766 458 2820 judicavit
484 2793 506 2800 —
519 2771 552 2813 ts.
564 2770 738 2826 Piediapairt'aa
746 2768 809 2812 aedes
817 2781 854 2813 oc-

88 2822 144 2890 Stlll
164 2824 223 2878 ipse.
233 2837 304 2881 nequa
319 2827 367 2880 ejus
385 2827 458 2881 opinio
484 2842 599 2885 cupanere
605 2832 677 2887 pauci
687 2832 808 2879 satellites.
822 2832 853 2875 lea

88 2887 152 2926 irrita
166 2891 246 2928 eventu
262 2886 313 2929 luit.
327 2887 379 2930 Vide
397 2889 459 2935 llan-
485 2893 700 2952 reterunsdessulia.
714 2895 751 2938 uu
764 2893 872 2937 supputat
