1904 3216
106 185 153 237 cle
295 164 298 171 ’
411 189 573 240 colurnus

107 301 224 359 ricordia,
238 303 260 353 si
275 303 312 352 illi
327 317 394 353 arma
415 303 535 366 ceperint,
550 304 577 352 in
590 301 718 353 miseriam
733 305 881 354 conum-tet?

107 373 205 422 Scilicet
219 386 260 422 res
273 373 324 435 ipsa
335 387 419 435 aspera
430 379 475 430 est,
499 373 542 422 sed
562 386 605 422 ros
620 386 670 422 non
692 371 786 422 timetis
812 385 879 422 eam.

107 442 160 492 lmo
173 456 231 492 vero
245 457 375 502 maxume;
392 444 435 492 sed
447 444 536 492 inertia
553 449 579 493 et
592 443 697 492 mollitia
714 441 790 491 animi
813 442 880 492 alius

110 513 185 563 olium
193 519 359 575 exspectantes
365 513 687 570 cunctamini,videlicetdls
697 513 880 562 immortalibus

108 584 202 641 conlisi,
217 585 260 647 qui
275 584 340 633 hauc
350 585 528 646 rempublicam
538 598 603 646 saepe
623 583 789 651 inmaxumis
807 583 881 646 peri·

107 653 170 703 culis
181 666 319 703 servavere.
334 654 386 701 Non
395 653 457 703 volis
470 667 550 715 neque
564 653 693 716 suppliciis
704 652 735 716 (5)
746 652 880 702 muliebri·

30 766 32 771 .
104 725 154 774 bus
167 723 257 773 auxilia
269 724 374 772 deorum
388 732 520 786 parantum
532 723 668 784 vigilando,
684 724 789 785 agendo,
812 723 879 772 bene

110 795 257 844 consulendo
270 808 387 856 prospere
401 796 482 843 omnia
496 795 606 850 codunt;
621 794 666 843 ubi
675 792 880 843 socordiaeteat-

108 879 155 927 que
167 864 273 926 ignaviae
285 865 426 922 tradideris,
438 866 604 928 nequicquam
612 865 672 914 deos
678 864 810 926 implores:
822 864 879 913 irati

107 936 240 997 infestique
252 941 318 984 sunt.
333 936 402 996 hpud
416 936 523 997 majores
537 942 636 985 nostros
648 936 676 984 h.
693 934 799 984 llanlius
822 933 881 984 'lor-

107 1012 197 1068 quatus
210 1006 276 1055 bello
292 1004 382 1054 Gallico
394 1006 476 1055 tilium
492 1013 575 1062 suum,
590 1006 656 1067 quod
668 1006 690 1054 is
704 1011 789 1054 contra
801 1005 882 1069 impe·

107 1076 175 1124 rium
189 1076 323 1125 iubostem
345 1082 506 1139 pugnaverat,
531 1077 614 1125 necari
635 1075 719 1138 jussit,
738 1081 813 1138 atque
839 1077 880 1125 ille

107 1145 221 1207 egregius
234 1147 377 1196 adulescens
389 1147 559 1196 immoderatae
570 1147 728 1196 fortitudinis
740 1152 822 1196 morte
831 1160 881 1209 poe

106 1230 150 1266 nas
162 1218 246 1267 dedit:
262 1231 304 1267 vos
312 1217 343 1266 de
357 1217 545 1266 crudelissumis
551 1217 685 1281 parricidis
693 1217 753 1281 quid
766 1217 881 1266 statuatis

106 1287 283 1336 cunctamini?
306 1286 423 1335 Videlicet
439 1292 521 1335 cetera
544 1287 593 1335 rita
614 1300 701 1336 eorum
714 1286 774 1336 huic
790 1287 880 1336 sceleri

107 1357 193 1404 obstat.
207 1356 297 1406 ilerum
308 1357 402 1418 parcite
414 1355 734 1422 dignitatihentulhsiipse
742 1355 880 1418 pudicitiae,

107 1427 128 1475 si
140 1428 212 1475 famae
222 1441 280 1484 suae,
294 1428 314 1475 si
324 1428 362 1475 dis
368 1433 411 1476 aut
418 1427 686 1489 hominibusumquam
691 1426 749 1476 ullis
755 1427 880 1489 pepercit;

106 1496 228 1557 ignoscite
240 1497 338 1557 Cethegi
356 1497 529 1546 adulescentiae
548 1497 590 1559 (6),
605 1497 654 1545 nisi
668 1496 761 1545 iterum
771 1496 825 1560 jam
838 1511 882 1560 pa·

106 1568 162 1615 triae
175 1567 269 1616 bellum
281 1569 347 1616 lecit.
360 1568 419 1615 h'am
439 1568 500 1630 quid
522 1581 569 1630 ego
588 1569 618 1617 de
634 1567 747 1624 Gabinio,
772 1567 880 1626 Statilim

107 1637 215 1698 Caepario
224 1636 427 1698 loquariquibus
435 1640 455 1684 si
464 1637 601 1699 quidquam
610 1650 729 1698 umquam
740 1635 810 1698 pensi
818 1636 882 1687 luis-

106 1714 153 1764 set,
165 1721 213 1755 non
228 1721 256 1756 ea
266 1707 368 1756 consilia
382 1708 413 1756 de
429 1707 557 1769 republica
573 1708 726 1756 habuissent.
742 1707 879 1765 Postremo,

105 1777 191 1826 Patres
205 1778 377 1839 conscriptisi
385 1777 631 1840 meherculepeccato
642 1779 711 1827 locus
721 1782 795 1833 esset,
806 1776 882 1827 facilc

105 1853 205 1909 paterer
219 1860 261 1896 ros
273 1846 325 1909 ipsa
339 1847 477 1909 recorrigi,
490 1849 607 1909 quoniam
622 1849 697 1896 verba
708 1847 878 1903 contemnitis;

104 1917 147 1965 sed
158 1917 268 1979 undique
282 1917 445 1966 circumventi
460 1932 556 1967 sumne.
572 1919 675 1967 Catilina
691 1932 747 1967 cum
769 1918 880 1967 exercitu

104 1987 218 2036 saucibus
230 1996 302 2048 urget
319 1988 369 2053 (ης
387 1989 430 2037 alii
440 1989 506 2037 intra
521 1992 610 2038 moenia
622 1998 697 2052 atque
711 1989 882 2038 insinuurbis

104 2065 163 2106 sunt
172 2059 255 2107 hostes
268 2077 275 2119 ;
289 2072 371 2121 neque
385 2059 468 2120 parari
482 2073 563 2121 neque
578 2060 672 2109 consuli
689 2059 825 2121 quidquam
833 2072 881 2122 po·

105 2133 152 2176 test
167 2130 262 2177 occulte
276 2145 282 2174 ε
298 2141 347 2190 quo
362 2129 439 2188 magis
449 2130 633 2190 properandum
649 2137 695 2178 est.

136 2197 215 2252 Quare
226 2197 260 2247 ita
279 2196 341 2262 [ego]
354 2211 443 2247 censeo
459 2215 464 2243 :
477 2212 552 2260 quom
560 2199 655 2247 nelarie
666 2197 768 2247 consilio
776 2197 882 2246 scelera·

104 2273 189 2317 torum
201 2268 292 2316 civium
305 2269 446 2329 respublica
459 2268 486 2316 in
495 2265 612 2316 'maxuma
641 2268 751 2331 pericula
772 2269 879 2324 venerit,

106 2339 174 2401 iique
191 2339 283 2388 indicio
295 2339 321 2387 l.
335 2339 444 2388 Volturci
459 2346 484 2387 et
499 2340 637 2402 legatorum
653 2339 812 2400 Allobrogum
823 2352 881 2388 con-

106 2479 140 2521 ch.
151 2479 172 2529 6,
190 2491 210 2533 p.
222 2478 254 2521 78.
272 2502 298 2509 -
308 2479 328 2522 5.
341 2479 476 2534 Suppliciis,
505 2483 595 2522 nutura
608 2481 676 2534 seror
688 2479 729 2533 (dit
745 2477 841 2521 Salluste
852 2490 880 2522 au

106 2541 477 2596 poursupplicationihua‚comme
504 2542 539 2584 ch.
572 2541 616 2593 lo),
646 2542 771 2592 vehemens,
805 2552 879 2584 mano

106 2603 160 2646 dans
177 2603 210 2645 les
226 2603 361 2654 Narratione,
377 2615 398 2658 p.
416 2602 443 2645 26
457 2608 480 2644 et
502 2603 782 2658 promptuarmarimum
792 2601 878 2646 bonum

106 2664 141 2707 lt.
160 2687 186 2696 -
203 2664 224 2707 6.
249 2665 363 2720 lqnoacite
385 2665 478 2721 Cethegi
506 2665 663 2707 inceleritale
676 2663 876 2720 putabatlopez,

107 2725 266 2769 adolescentiae
278 2727 414 2770 eslditurec
430 2739 477 2769 sar·
505 2738 544 2767 sur
561 2725 645 2768 chacun
668 2727 695 2770 de
714 2739 750 2769 ces
765 2726 879 2780 conspira-

107 2799 179 2829 casme
192 2800 197 2829 :
208 2787 229 2829 le
248 2787 351 2830 senateur
367 2787 476 2842 cethegus
506 2793 573 2835 roure,
584 2788 604 2829 la
614 2787 726 2831 troisieme
741 2787 877 2841 Catiliuaire,

108 2848 292 2891 toitloind'etre
306 2848 477 2902 jeune,maisil
505 2849 539 2890 ch.
558 2848 600 2899 3-7,
620 2855 642 2890 el
660 2849 692 2891 les
715 2855 785 2892 notes.
805 2872 833 2882 —
855 2851 878 2895 'l.

10 2890 15 2901 ¹
99 2909 323 2956 aralclesue'lauude
331 2911 352 2956 la
357 2911 478 2969 jeunessc:
508 2909 623 2956 Faucibus
636 2911 784 2972 orqet,qour
802 2911 879 2965 (cuci
