1904 3216
332 163 370 213 EX
387 163 456 212 Livii
473 163 559 214 ttuno
576 164 617 214 tx.
813 169 858 218 itii

88 277 207 328 quesituros
223 279 303 331 idoneos
316 279 422 317 coitionunt
437 279 524 318 cruninis
536 291 590 332 essm
605 280 779 333 intellecturosque
794 281 821 319 its
840 283 860 320 in

88 332 141 373 esse,
156 322 215 360 timui
230 327 347 373 magistratu
361 324 458 362 abissent.
471 327 519 362 'tum
533 335 630 364 enimvero
648 327 734 369 uenus,
746 336 787 371 Jtttn
803 325 860 364 innuo

88 375 150 413 ments
165 376 225 415 quam
234 368 311 415 imperit
320 378 401 412 memor.
411 378 528 417 progressus
537 370 561 405 ud
572 370 684 408 concionem
694 369 721 406 ita
732 369 791 407 verba
800 370 860 408 feeit.

115 490 142 532 {n
151 493 286 534 nomination
296 491 325 534 du
335 492 444 534 diotntoun
450 491 509 534 suffit
515 505 572 545 pout·
578 505 674 548 prouver
682 505 721 535 son
730 493 860 536 innocenoe.

89 575 114 582 -
126 551 166 594 Les
179 551 302 606 coupables.
315 565 342 594 no
357 558 451 607 pouvunt
464 551 595 607 o'clnppuri
612 566 647 596 ses
657 554 770 608 enquetes,
780 553 858 598 i'ncou·

88 617 137 655 seut
148 612 271 663 lui-meme,
287 625 315 656 cn
332 612 444 668 tosespoir
454 613 480 656 da
499 626 570 656 cause.
586 638 611 646 -
629 614 644 656 ΙΙ
662 627 688 656 vn
702 615 820 658 uunevsnt
832 615 859 659 do

88 674 241 717 i'nccusstion:
255 675 269 716 il
282 674 389 728 nbdique;
401 687 443 729 que
455 675 487 716 ies
500 675 590 718 consuls
602 682 756 718 commoncont
770 686 810 728 par
824 676 858 719 tui

89 733 209 789 l'onquete.

120 850 147 898 iit
156 863 242 898 omnes
256 855 313 898 ante
323 856 386 898 aotae
396 849 451 898 aitae
462 862 504 898 vos
514 850 622 899 conscios
633 851 721 908 habeo,
735 851 855 910 Quirites,

89 926 114 968 et
131 919 172 968 hio
190 919 243 982 ipse
261 919 338 967 honos
353 919 450 967 delatus
466 919 497 967 ed
519 933 557 967 tne
574 921 643 968 testis
657 927 694 968 est
712 921 858 972 innocentiae

89 1003 151 1038 meae
162 1002 257 1051 :neque
268 988 334 1038 enim
342 988 408 1050 quod
420 1002 484 1050 saepe
495 988 566 1043 atius.
580 990 637 1050 quia
649 991 682 1038 itu
696 996 804 1053 tempora
816 1007 858 1055 po·

88 1061 212 1110 stulubnnt
227 1059 376 1121 reipublicae,
389 1060 432 1122 qui
444 1059 508 1108 bello
517 1059 666 1108 clarissimus
675 1071 747 1116 esset,
758 1062 800 1110 sed
814 1064 857 1125 qui

88 1131 195 1180 maxime
205 1133 288 1192 procul
297 1130 327 1178 ab
336 1130 375 1177 his
382 1129 532 1179 coitionibus
547 1130 622 1178 vitum
636 1129 737 1191 egisset,
748 1132 855 1182 dictatos·

87 1201 235 1264 deligendus
252 1200 394 1249 exercendis
406 1200 585 1262 questionibus
597 1199 655 1249 fuit.
676 1201 721 1249 Sed
738 1202 855 1265 quoniam

87 1271 189 1334 quidem
202 1270 297 1318 nobiles
312 1270 491 1333 hominestqua
508 1269 539 1317 de
557 1282 642 1328 causo,
660 1283 703 1319 vos
714 1271 855 1322 existimate

88 1357 164 1406 quom
172 1357 213 1392 me
221 1356 265 1405 pto
274 1344 419 1404 magistratu
434 1343 570 1407 quicquam
581 1343 763 1404 incompertum
774 1343 856 1393 dicere

87 1415 180 1463 melius
188 1417 235 1476 est)
245 1413 353 1477 primum
364 1413 429 1475 ipsas
441 1426 582 1474 expugnare.
592 1413 740 1473 quaestiones
747 1414 781 1477 (t)
790 1416 857 1464 omni

87 1502 135 1551 ope
145 1488 227 1538 annisi
245 1493 318 1545 sunt3
328 1488 396 1545 dein,
412 1497 544 1549 postquam
555 1487 586 1536 nd
598 1487 622 1534 id
636 1500 725 1550 panum
743 1495 856 1549 potentes

88 1566 168 1617 mut,
184 1573 216 1608 ne
227 1572 325 1608 causam
343 1558 462 1618 dicerent,
478 1557 502 1605 in
519 1557 634 1620 presidia
649 1559 855 1619 adversus-iorum,

88 1627 278 1690 appeliationem
286 1627 321 1690 (i)
333 1635 357 1676 et
374 1626 534 1676 tribunitium
548 1625 678 1684 auxilium,
692 1625 789 1687 patricii
800 1640 857 1675 eon-

87 1699 224 1760 iugerunt;
245 1704 368 1759 postremo
379 1696 473 1759 repulsi
490 1695 548 1744 inde
562 1696 633 1758 (aueo
651 1695 735 1744 cannia
754 1696 870 1754 tutiora,¹

88 1781 164 1830 quum
170 1776 197 1816 ut
205 1767 367 1816 innocentiam
375 1780 442 1814 sunm
453 1772 598 1827 purgarent.
607 1765 656 1812 visa
666 1767 683 1828 !)
692 1764 717 1812 in
725 1779 767 1813 nos
776 1766 856 1815 irrue-

87 1846 157 1887 runt.
176 1845 201 1886 et
218 1837 320 1899 privatis
332 1837 476 1886 dictatorem
490 1848 593 1897 poscere
606 1849 679 1883 neum
696 1836 854 1886 verecundie

89 1908 196 1957 nonfuit
209 1922 214 1955 ε
232 1915 258 1954 ut
267 1919 351 1955 omnes
361 1906 396 1953 dii
407 1905 567 1967 hominesque
576 1904 664 1963 sciant,
672 1906 702 1953 ab
712 1906 769 1963 ittis.
780 1907 856 1955 etiam
933 1921 939 1931 “

89 1993 145 2041 quae
155 1977 316 2040 nonpossint,
329 1976 426 2029 tentari,
438 1989 468 2023 ne
479 1976 604 2024 rationem
613 1973 670 2023 vitae
682 1976 801 2031 reddunt;
816 1990 856 2025 me

89 2050 185 2099 obviam
194 2050 230 2097 ise
237 2047 473 2102 comminutione
482 2059 521 2094 nne
529 2045 859 2105 inimicisreum3dictatura

89 2136 129 2170 me
138 2121 233 2170 abdico.
245 2121 289 2168 Vos
298 2133 388 2182 quaeso,
396 2120 519 2173 Consuies,
527 2117 548 2165 si
559 2116 719 2166 vobisdatmn
729 2120 759 2165 ab
767 2125 857 2166 senntu

88 2191 217 2251 negotium
226 2191 311 2239 fuerit.
325 2190 349 2236 in
365 2202 404 2237 me
413 2189 552 2249 puimtnnet
561 2187 628 2235 hunc
638 2187 666 2234 ii.
677 2186 783 2235 Foslium
791 2199 858 2248 quae·

89 2261 183 2310 stiones
197 2257 339 2315 exerceatis,
346 2267 373 2306 ut
383 2263 497 2319 appareat
505 2255 644 2304 innocentia
655 2263 739 2303 nostra
750 2269 858 2315 nos,non

89 2331 218 2393 majestate
229 2328 336 2386 honoris,
352 2334 417 2377 tutos
434 2343 446 2375 n
462 2326 677 2376 criminationibus
694 2326 748 2375 istis
762 2340 824 2376 esse.

114 2471 234 2516 mxlii.
242 2471 381 2527 Boepuqnore
388 2481 458 2524 ques·
485 2466 587 2510 etouticr.
598 2488 625 2497 -
633 2465 654 2509 2.
664 2465 857 2522 Appettationem.

89 2543 170 2587 tiones,
180 2535 285 2577 m.-i.·m.
294 2531 349 2574 inim
362 2531 458 2573 violence
486 2527 563 2583 t'uopel
572 2540 601 2570 au
610 2526 695 2583 pcuplo.
704 2524 755 2583 icy.
766 2527 787 2571 lo
801 2529 856 2572 ltisc.

90 2610 131 2640 nux
143 2599 259 2653 enqueten
275 2592 417 2638 cest-tone.
426 2592 458 2634 les
486 2588 533 2633 LXX
