1904 3216
95 137 142 188 218
404 133 566 185 onltlotlas

96 253 237 303 fortissimis
247 251 315 309 viris,
327 249 470 301 clarissimis
484 249 677 312 imperatoribus
686 249 729 314 (6),
742 250 866 310 orbatum,

90 330 153 374 ante
161 324 253 373 maenia
260 337 336 385 prope
349 323 454 370 obsessae
464 322 560 382 patriae,
567 321 658 382 quibus
669 321 749 370 terrui
760 329 868 372 vestram

96 396 193 458 urbem,
207 408 236 443 ea
248 408 292 456 pro
305 407 359 442 mea
372 393 553 454 deprecantem.

128 464 331 526 llarimaeauique
338 464 444 511 fortunae
455 461 557 511 minime
567 461 718 511 credendum
730 469 775 511 est.
786 462 814 511 ln
823 464 868 513 ho-

96 535 137 586 nis
148 536 200 585 tuis
211 535 294 589 rebus,
307 531 398 582 nostris
409 531 501 586 dubiis.
514 532 559 580 tibi
574 533 656 594 ampla
667 547 695 581 ac
706 533 817 595 speciosa
834 534 866 599 (l)

93 607 164 655 danti
178 612 214 655 cst
225 619 269 666 pax
285 621 291 651 z
307 603 378 652 nobis
394 602 535 666 petentibus
546 601 626 664 magis
639 603 779 652 necessaria
791 618 868 667 quam

95 677 205 724 honesta.
215 675 299 723 llelior
310 673 439 736 tutiorque
452 680 490 722 est
499 680 567 722 certa
573 687 620 737 pax
628 687 702 735 quam
711 680 808 736 sperata
816 676 868 728 vic-

94 745 172 804 toria;
187 746 239 795 laaea
251 745 278 793 in
295 750 348 801 tua,
362 744 404 793 illa
414 744 549 792 iudeorum
556 757 633 792 manu
643 750 689 793 est.
701 743 735 793 lle
744 749 782 793 tot
790 757 868 798 anna-

94 828 153 863 rum
164 813 307 864 felicitatem
323 812 351 862 in
360 812 434 862 unius
449 812 517 861 horae
523 811 621 862 dederis
627 811 774 862 discrimen.
785 811 867 870 Quum

94 885 233 940 tuasvires,
247 891 300 933 turn
317 883 365 932 vim
378 882 495 940 fortunae,
511 882 663 945 liartemque
678 882 737 932 belli
755 898 868 936 commu·

95 969 152 1005 nem
163 955 196 1018 (8)
211 953 421 1018 proponaaaimo;
434 953 563 1017 utrimque
571 951 699 1019 [ferruml,
707 967 809 1016 corpora
819 957 867 1006 hu·

94 1040 169 1076 mana
179 1032 253 1074 erunt
264 1041 270 1073 :
283 1038 404 1088 nusquam
412 1024 496 1074 minus
508 1038 582 1088 quam
591 1025 689 1075 inbello
700 1033 804 1076 caelatus
815 1041 866 1078 rea·

96 1096 205 1159 pandent
229 1095 272 1159 (9).
293 1095 344 1144 tlon
366 1101 462 1144 tantum
482 1096 513 1145 ad
534 1096 560 1144 id
578 1096 645 1159 quod
665 1096 722 1145 data
737 1111 798 1158 pace
815 1097 865 1161 jam

95 1168 185 1216 habere
192 1173 269 1229 potes,
279 1165 300 1215 si
307 1165 394 1228 proelio
403 1164 497 1223 vinces,
505 1167 591 1228 gloriae
602 1166 731 1228 adjeceris,
744 1176 866 1229 quantum

95 1237 225 1292 ademeris,
233 1237 253 1284 si
265 1235 326 1299 quid
334 1235 430 1284 adversi
444 1238 556 1286 eveniat:
568 1237 645 1287 simul
654 1244 723 1300 parta
729 1251 758 1286 ac
767 1245 865 1301 sperata

95 1309 183 1358 decora
199 1308 273 1355 unius
291 1307 360 1355 horae
379 1309 477 1356 fortuna
497 1315 607 1358 evertere
626 1314 714 1370 potest.
736 1307 822 1357 Omnia
839 1308 865 1358 in

75 1382 78 1387 '
94 1391 155 1441 paee
164 1377 289 1439 Juapenda
303 1383 352 1424 tuae
363 1375 492 1437 potestatis
504 1384 569 1432 suut,
584 1376 610 1424 P.
618 1377 733 1426 Corneli:
746 1383 805 1426 tunc
816 1376 863 1441 llll)

94 1463 122 1498 aa
135 1448 244 1496 lrabcnda
255 1446 354 1494 fortuna
367 1444 424 1501 erit,
437 1458 512 1507 quara
525 1445 560 1494 dii
572 1444 693 1495 dederint.
707 1448 776 1497 luter
787 1460 866 1509 pauca

55 1530 56 1534 ’
93 1517 218 1571 felicitatis
229 1518 378 1579 virtutisque
390 1517 499 1578 exempla
511 1516 540 1565 ll.
554 1516 772 1578 lltiliusquoadam
782 1517 809 1567 in
819 1518 865 1568 hac

14 1646 19 1656 Ι
94 1589 180 1638 eadem
194 1595 261 1637 terra
273 1587 368 1645 fuisset,
385 1587 405 1636 si
413 1587 490 1637 victor
505 1601 590 1650 pacem
603 1588 744 1650 petentibus
756 1588 865 1638 dedisset

95 1660 207 1722 patribus
221 1657 332 1706 nostris:
349 1671 397 1706 non
414 1658 544 1706 statuendo
560 1658 673 1708 felicitati
692 1658 803 1714 modum,
819 1671 865 1708 nec

94 1729 229 1779 cohibendo
238 1729 384 1777 efferentem
396 1741 424 1776 se
436 1727 574 1785 fortunam,
592 1736 686 1792 quanto
698 1727 772 1778 altius
784 1729 863 1778 elatus

96 1806 157 1858 erat,
173 1813 202 1848 co
215 1799 304 1848 foedius
314 1799 419 1847 corruit.

94 1955 136 1984 aur
145 1941 327 1990 manuscrits‚on
340 1952 353 1983 a
367 1941 422 1983 ainsi
431 1953 467 1984 re-
492 1940 520 1983 de
546 1954 571 1985 ce
596 1942 684 1984 dernier
707 1942 809 1985 n'etaient
826 1953 865 1997 pas

95 2000 174 2046 touch&
191 2014 215 2043 ce
241 2013 329 2055 passage
349 2014 354 2043 :
374 2013 403 2044 uc
414 2003 466 2056 jam
493 2003 662 2058 comparablesa
674 2016 728 2047 ceux
737 2003 775 2047 des
782 2011 864 2048 autres.

94 2077 165 2120 prope
175 2063 321 2107 scandentem
330 2064 415 2107 moenia
424 2064 468 2109 lio-
493 2087 519 2096 -
529 2065 548 2106 l.
559 2064 673 2120 Speciosa,
690 2063 774 2108 ced-d.
788 2064 866 2121 apicat-

93 2138 164 2169 maaa
183 2125 283 2168 viderat.
307 2123 359 2168 llais
380 2125 467 2169 maenia
494 2126 559 2178 dado,
574 2127 708 2182 honorifica.
725 2150 751 2159 -
766 2127 785 2171 8.
805 2128 866 2170 licia·

94 2189 148 2230 n'est
165 2199 202 2242 pas
219 2186 239 2229 la
256 2187 325 2228 meme
341 2185 406 2228 chose
422 2198 466 2240 que
495 2192 539 2231 tem
552 2189 608 2232 letti
622 2201 777 2240 contmttttam,¹
787 2190 865 2244 topia

94 2249 164 2291 muri.
176 2248 257 2290 ifoenia
270 2246 335 2290 sedit
349 2246 388 2289 des
406 2247 467 2289 edll·
493 2248 547 2292 Disc.
563 2249 662 2293 clxlllv.
681 2256 730 2293 note
745 2250 766 2294 6.
784 2250 800 2291 ll
816 2252 866 2294 faut

94 2322 130 2352 ces
147 2309 269 2351 renfermis
285 2309 339 2351 dans
352 2309 465 2351 I'euceinte
493 2324 555 2367 rayer
565 2312 585 2353 le
595 2319 640 2354 mot
653 2312 758 2366 ferrum
769 2311 784 2353 ii
799 2323 827 2353 ne
840 2322 865 2355 se

94 2372 150 2413 dela
161 2372 309 2414 villamauro:
324 2370 391 2424 ciana
406 2370 465 2426 infe·
493 2377 568 2415 trouve
586 2373 639 2415 dans
657 2384 728 2414 aucun
754 2371 791 2414 des
809 2370 865 2415 boas

94 2433 218 2476 rentemin
232 2433 358 2477 moeniuesl
375 2445 467 2489 synony·
492 2433 634 2482 manuscrits,
662 2445 686 2475 ce
713 2438 758 2475 mot
783 2430 865 2476 deleuit

94 2509 128 2538 rne
138 2497 164 2539 de
174 2496 242 2552 siano
256 2497 369 2550 serentem
384 2495 466 2538 adver-
493 2508 585 2550 presque
595 2501 654 2538 toute
664 2494 767 2548 i'duergie
775 2493 801 2536 de
808 2501 865 2539 cette

93 2571 132 2599 sus
144 2557 218 2612 ipsum
228 2557 315 2600 arcem.
330 2581 356 2588 -
372 2557 392 2600 6.
408 2559 466 2600 fluo-
493 2557 570 2611 phrase
580 2557 658 2611 simple
668 2569 674 2597 ε
684 2555 803 2610 utrimque
814 2567 865 2598 cor·

93 2618 464 2674 busfratribus.Amporatoribua,
491 2630 551 2673 pora
566 2618 669 2660 hamana
687 2619 765 2667 eruat,
779 2617 866 2660 cest-d·

93 2680 212 2723 Hasdrubal
227 2688 248 2722 et
262 2680 344 2735 lingon.
359 2681 465 2724 Hannibal
493 2681 548 2730 dire,
574 2678 742 2729 vulneratiae,
765 2678 864 2721 caduca.

93 2753 121 2783 ue
131 2743 200 2795 paralt
212 2755 248 2795 pas
258 2751 355 2797 compter
364 2755 402 2784 son
413 2744 465 2784 troi·
492 2764 518 2771 -
528 2741 548 2783 9.
558 2739 702 2796 Respondent
714 2751 723 2791 ,¹
739 2738 847 2782 traduisez
857 2752 863 2782 ε

94 2801 161 2843 sidrac
170 2802 399 2857 f1·e1·e‚iianaou,qu'il
409 2803 467 2845 avait
492 2814 516 2844 se
535 2803 626 2843 suivent.
646 2824 672 2831 -
690 2801 722 2844 10.
742 2800 812 2851 fatae,
827 2813 865 2856 op·

77 2862 155 2911 perdo
164 2863 246 2912 narso&
262 2863 296 2905 les
311 2862 465 2906 faitsd'atmes
492 2862 565 2919 posci
582 2862 607 2904 iat
623 2875 687 2918 poce,
703 2868 753 2904 veut
770 2861 817 2905 dire
836 2863 864 2905 ici
