1904 3216
397 185 557 234 Ottlltolt's

434 326 513 374 Lllllll

90 441 150 501 cap.
166 439 205 488 al.
220 437 296 488 Verbo
309 437 408 501 Papirii
431 437 551 487 adversus
567 438 716 502 llaqistrum
735 438 853 502 equitum.

111 552 179 590 stabat
188 562 233 590 cum
248 551 306 590 Fabio
316 555 395 588 senatus
407 551 505 598 majestas.
518 550 571 588 lavor
607 551 655 599 puli.
664 551 786 590 tribunitium
800 552 858 590 anxi·

89 597 142 639 Eum.
152 596 244 633 memoria
253 595 338 633 absentis
347 595 457 645 exercitus:
469 599 557 645 exparte
571 606 582 632 a
591 600 639 636 tera.
649 597 754 642 imperium
765 596 859 634 invictum

89 641 156 689 populi
169 638 255 685 Romani,
268 638 399 685 etdisciplma
415 649 444 676 ret
458 639 553 682 militaris.
562 643 583 677 et
601 640 704 678 dictatoris
720 640 807 678 etliotum
822 650 859 688 pro

88 684 250 731 numinesemper
259 682 391 733 observatum,
401 687 422 720 et
430 683 522 720 llartliana
531 683 620 733 imperia,
630 689 650 722 et
658 683 813 734 posthabitstllii
823 696 859 722 ca-

88 727 137 766 ritas
146 728 230 778 publicu
240 727 330 774 utilitati,
336 727 476 774 jactabantur:

115 825 195 868 brutus
204 825 288 868 sacrifia
295 824 352 880 judis
364 837 399 867 ses
407 823 442 866 fils
451 837 481 866 au
488 825 540 867 bien
549 825 576 867 de
586 813 661 877 rann
676 826 816 881 aujourd'bui
823 827 857 871 les

89 886 153 941 peres
164 885 290 940 indulgeuts
299 891 322 928 et
335 884 410 927 faciles
427 885 545 937 regardent
558 884 578 926 la
594 885 658 927 ruine
667 885 695 928 de
709 886 730 929 la
740 885 856 940 discipline

88 959 173 991 comma
183 960 227 1002 peu
236 947 263 990 de
275 946 348 989 chose.
360 945 459 998 Papirius
469 957 597 988 conservem
607 945 718 989 l'autorite
730 946 857 989 inviolable.

87 1008 176 1058 Quales
188 1008 274 1050 tribuns
286 1019 314 1050 ne
325 1007 344 1049 la
362 1006 445 1048 violent
454 1018 492 1060 pas
506 1019 546 1061 par
555 1006 605 1049 leur
614 1007 734 1062 opposition
742 1025 748 1060 ς
755 1020 780 1051 ce
790 1006 857 1050 serait

84 1069 287 1119 l'aneantissement
301 1069 328 1112 de
337 1069 357 1111 la
367 1068 483 1119 dictatore,
496 1074 519 1110 et
528 1080 559 1110 un
570 1069 627 1122 grial
634 1067 719 1112 dtemsl
731 1075 806 1111 contre
814 1081 863 1120 eux?

89 1138 113 1176 at
121 1138 195 1179 contre
208 1132 229 1174 ls
239 1131 326 1186 peuple.
340 1129 379 1172 iles
391 1129 436 1171 lors
445 1128 494 1184 plus
503 1128 659 1182 d’obe'issance,
670 1131 718 1185 plus
730 1130 757 1173 dc
766 1133 855 1184 respect

88 1206 145 1250 pour
154 1196 186 1237 les
200 1194 273 1244 diens,
292 1192 342 1248 plus
354 1191 440 1235 d’ordre
456 1190 510 1233 dans
525 1191 557 1232 les
567 1191 659 1234 armeus.
670 1193 715 1242 Qus
725 1192 757 1234 les
769 1190 856 1234 tribuns

89 1254 163 1301 soient
172 1257 218 1299 s'ils
231 1261 342 1310 acceptent
360 1259 418 1297 cette
432 1253 598 1308 responsabilite
607 1266 664 1310 pour
680 1267 759 1298 conver
768 1255 854 1298 Fabius.

120 1372 169 1421 lloc
181 1372 254 1421 etiam
265 1372 289 1420 1.
311 1371 424 1426 brutum,
442 1370 593 1420 conditorem
603 1371 717 1421 Romanu
734 1372 859 1422 libertatis

87 1442 292 1492 anseainduobus
304 1441 388 1489 liberis
404 1440 491 1490 iecisse
503 1440 545 1504 tl).
557 1442 626 1491 llune
634 1448 715 1504 patres
729 1456 819 1499 comes,
830 1450 856 1492 et

38 1547 43 1559 .
89 1510 857 1576 senesl'aciles‚dealienoimperiospreto‚tanquamreiparvae

89 1581 228 1644 disciplinae
239 1582 355 1630 militaris
364 1595 455 1630 eversae
465 1581 590 1640 juventuti
605 1582 710 1641 gratiam
722 1584 811 1633 lacere.
824 1583 856 1633 Se

89 1658 171 1702 tamen
184 1657 352 1714 perstaturum
362 1651 387 1699 in
401 1652 514 1713 incepto:
526 1665 572 1700 nec
586 1651 618 1706 ei,
631 1651 799 1711 quiadversus
808 1652 858 1702 dic·

88 1728 144 1772 tum
158 1734 230 1770 suum
244 1722 351 1770 turbatis
364 1721 523 1783 religionibus
540 1736 568 1770 ac
588 1721 670 1770 dubiis
681 1721 797 1783 auspiciis
808 1736 859 1785 pu-

87 1800 196 1855 gnasset,
212 1791 350 1855 quidquam
364 1792 467 1854 exjusta
479 1806 549 1854 poena
561 1792 734 1841 remissurum.
746 1792 858 1854 llajestas

89 1863 187 1927 imperii
202 1870 354 1925 perpetuane
368 1870 441 1920 esset,
454 1878 502 1912 non
514 1877 568 1913 esse
577 1864 602 1912 in
617 1877 662 1912 sua
676 1868 796 1923 potestate
807 1863 857 1928 (1);

88 1933 114 1984 t.
126 1933 253 1996 Papirium
267 1933 330 1982 niutt
346 1934 377 1982 de
394 1934 470 1996 hujus
482 1935 541 1996 jure
553 1934 751 1983 deminuturum.
766 1934 859 1996 Optare

89 2010 232 2068 nepotestas
241 2002 505 2060 tribunitia‚iuviolata
514 2004 575 2067 ipsa,
589 2004 666 2053 violet
680 2004 859 2056 intercessione

89 2089 134 2125 sua
148 2075 284 2128 Rotnanum
300 2073 446 2136 irnperiutn5
460 2089 509 2125 neu
518 2075 624 2137 populus
638 2076 664 2123 in
678 2090 704 2125 se
717 2075 749 2138 (5)
763 2076 860 2138 potissi·

89 2144 313 2193 mumdictatorem
324 2150 349 2193 et
359 2143 401 2205 jus
413 2143 541 2193 dictaturae
554 2144 700 2206 exstinguat.
713 2144 812 2201 Quodsi
824 2145 860 2194 le·

90 2215 172 2270 eissct,
185 2228 235 2263 non
254 2214 278 2262 1.
297 2214 433 2276 Papirium,
448 2216 490 2262 sed
506 2214 629 2267 tribunos,
642 2215 683 2265 sed
699 2229 803 2277 pravum
815 2229 860 2279 po-

90 2284 142 2346 puli
152 2284 273 2346 judicium
286 2288 448 2347 nequicquam
465 2291 576 2345 posteros
585 2293 741 2334 accusatores
757 2301 763 2333 :
781 2298 860 2347 quum

89 2355 182 2417 polluta
197 2355 273 2404 semel
285 2354 390 2402 militari
410 2353 548 2416 disciplina,
568 2368 618 2403 non
634 2354 705 2404 miles
726 2354 861 2405 centurio·

89 2425 129 2474 nis
146 2425 188 2488 (l),
202 2439 251 2474 non
272 2423 383 2474 centurio
393 2424 497 2480 tribuni,
511 2436 562 2472 non
576 2424 691 2474 tribunus
707 2425 792 2487 legati,
809 2437 859 2474 non

116 2545 457 2602 11111111.Βνιιίιιιιι...[εει“ιιιε.
485 2547 541 2590 u'est
558 2560 596 2604 pas
618 2561 647 2591 en
671 2559 722 2592 mon
748 2549 859 2604 pouvoir;

89 2609 139 2665 toy.
150 2610 218 2653 Narr.
229 2609 256 2652 de
266 2610 382 2660 t.-t.,Vl1,
393 2623 413 2665 p.
424 2611 457 2654 26.
485 2609 541 2652 mais
557 2622 610 2653 sous
629 2623 665 2654 nra
681 2610 797 2661 dictatura,
814 2609 859 2653 elle

85 2671 144 2714 ·-2.
155 2672 262 2726 llajestos
273 2671 368 2726 imperii
377 2683 460 2727 perpe·
485 2681 513 2713 no
529 2682 578 2713 sera
596 2673 656 2726 point
674 2671 752 2714 violde.
799 2671 820 2714 5.
833 2671 859 2714 ln

90 2737 162 2778 tuone
171 2736 251 2775 esset...
258 2731 302 2780 Que
312 2734 331 2774 la
338 2733 459 2787 inuisstede
485 2742 517 2781 ac,
527 2729 605 2773 ablatil
613 2744 619 2774 :
629 2732 655 2774 in
675 2743 700 2774 se
715 2730 856 2786 (dictatore),

89 2794 198 2839 l'autorite
216 2794 268 2837 dont
287 2795 307 2837 la
329 2795 459 2851 republique
486 2804 543 2848 pour
560 2793 586 2836 in
608 2806 652 2837 auo
681 2793 811 2837 dictatura.
832 2815 856 2825 —

89 2858 178 2900 investit
212 2869 246 2899 sos
277 2856 337 2898 clrels
364 2857 406 2899 soit
433 2868 460 2898 sn
486 2855 507 2896 1.
526 2853 575 2897 Non
598 2854 665 2898 miles
686 2854 856 2900 centurionis...

88 2925 137 2960 tout
163 2925 234 2972 temps
260 2916 387 2972 respectes,
414 2916 460 2959 cela
488 2913 857 2972 llcmarquezcepussoge.quiex·
