1904 3216
343 181 380 229 Ex
396 179 465 228 ltvll
482 178 568 230 uultu
581 176 607 228 V.
834 179 866 227 55

88 294 160 357 quale
176 294 221 352 sit,
237 293 393 357 audieritis),
404 293 502 344 etiamsi
520 301 574 344 tum
594 293 754 356 migrandum
765 292 865 350 fuisset,

34 392 38 399 ·
88 363 210 413 ineolumi
228 369 280 412 toto
296 363 368 413 urbe.
382 376 450 412 nune
464 364 508 412 hus
528 363 615 412 ruinas
631 363 805 424 relinquendas
817 377 866 410 non

88 447 231 482 censerem.
243 433 340 496 Quippe
348 441 401 482 tum
413 448 485 483 causa
495 433 566 483 nobis
577 433 603 482 in
614 433 703 482 urbem
712 433 866 494 coptarumi-

89 504 180 565 grandi
196 503 303 552 victoria
319 512 393 562 esset,
403 504 509 565 glorioso
518 503 588 553 nohis
602 517 631 551 oe
643 502 749 565 posteris
758 503 865 559 nostris;

88 589 157 624 nune
168 576 226 624 heo
239 575 358 638 migratio
376 575 445 624 nohis
461 575 554 625 misem
572 588 600 624 se
610 575 702 637 turpis
720 572 795 624 Gallis
811 575 867 636 glo-

89 647 157 694 riose
179 650 227 694 est.
246 647 298 694 lton
317 644 385 694 enim
404 645 536 706 reliquisse
551 645 665 701 victores,
691 645 733 693 sed
750 644 867 693 amisisse

88 717 150 767 riuti
172 717 447 780 pstriemridebimur:
465 718 512 766 hoe
523 718 552 766 ed
565 716 655 766 llliom
672 716 722 781 (15)
734 719 802 780 luge,
818 719 865 769 hoe

88 795 161 851 capta
182 787 253 845 urbs,
273 789 320 837 hoe
335 788 523 837 circumsessum
547 787 694 850 Capitolium
710 788 866 839 necessitatis

87 856 253 920 imposuisse,
263 863 293 905 ut
303 857 475 906 desereremus
486 856 588 906 Penates
597 863 702 915 nostros,
712 856 866 919 exiliumque

89 942 118 978 sc
131 930 222 989 iugum
237 926 310 975 nobis
322 941 352 975 ex
364 941 393 976 eo
409 927 463 978 loco
473 928 688 983 conscisceremus,
705 942 779 991 quem
800 930 866 978 tueri

88 1012 139 1048 non
163 999 304 1062 possemus!
330 997 358 1046 Et
374 996 437 1047 Galli
465 1004 575 1048 evertere
597 1004 733 1061 potuerunt
755 1001 863 1057 Romam,

88 1084 166 1132 quam
180 1068 285 1118 Romani
295 1068 431 1117 restituere
440 1082 489 1117 non
500 1069 652 1118 ridebuntur
666 1070 794 1131 potuisse?
804 1071 866 1126 Quid

87 1146 177 1195 restat,
195 1138 246 1187 nisi
259 1144 295 1197 ut,
307 1137 330 1187 si
342 1138 396 1201 jam
412 1138 482 1188 noris
488 1139 566 1200 copiis
577 1139 788 1199 veniant(oonstat
797 1141 866 1189 enim

87 1211 128 1258 vix
145 1209 295 1260 credibilem
310 1209 500 1259 multitudinem
511 1211 617 1272 esse).et
631 1211 744 1259 habitare
755 1211 781 1259 in
794 1219 865 1272 copta

88 1282 119 1330 ab
131 1297 169 1339 se,
191 1281 291 1330 deserto
309 1294 322 1328 o
342 1280 422 1336 robis,
437 1281 482 1330 hae
493 1281 557 1330 urbe
568 1280 653 1336 velint,
663 1281 769 1330 sinatis?
783 1282 865 1339 Quint

88 1352 174 1401 sinon
189 1351 252 1400 Galli
268 1351 323 1407 hoc,
340 1351 384 1400 sed
398 1357 492 1401 veteres
507 1353 591 1400 hostes
607 1351 693 1407 vestri,
718 1351 787 1414 AEqui
811 1352 866 1400 Vol-

90 1422 168 1482 scire,
183 1421 287 1480 iaciant,
309 1429 336 1471 ut
360 1421 524 1483 commigrent
550 1424 660 1478 Romam,
685 1420 865 1470 velitisneillos

91 1496 223 1548 ltomanos.
233 1506 277 1542 ros
284 1492 396 1542 leientes
402 1493 471 1542 esset
481 1506 512 1541 on
523 1492 616 1541 molitis
624 1493 688 1541 hene
704 1491 865 1540 solitudinem

88 1563 505 1626 restmrn,quamurbemhostium
514 1564 582 1612 esse?
595 1564 645 1612 lion
656 1562 863 1625 equidemvideo,

90 1631 865 1695 quidmogisueiassit.llaeoscelera‚quiapigetaedisrcare,haec

89 1705 214 1754 dedecora
230 1703 281 1766 peti
292 1703 373 1766 parati
386 1702 461 1754 eszisl
482 1701 508 1750 Si
525 1709 574 1751 toto
587 1703 648 1751 urbe
660 1703 757 1752 nullum
774 1704 864 1752 melius

90 1775 231 1838 ampliusve
241 1781 333 1823 tectum
350 1773 405 1822 sieri
417 1773 501 1833 possit,
515 1785 590 1834 quom
602 1786 656 1821 coss
673 1773 714 1821 illa
731 1773 864 1822 conditoris

90 1853 126 1893 est
132 1843 229 1907 nostri(
234 1843 279 1906 lu),
298 1857 347 1892 non
359 1843 384 1891 in
390 1843 461 1900 casis,
472 1841 524 1890 ritu
534 1844 862 1904 postorumogrestiurnque,

91 1915 209 1964 habitare
226 1921 262 1964 est
271 1915 348 1963 setius
361 1914 427 1962 inter
437 1927 506 1962 soors
520 1913 670 1973 Penatesque
679 1921 864 1974 vestros,qoum

91 1987 220 2035 exulatum
232 1985 332 2048 publice
343 1985 393 2047 (ll)
411 1985 466 2033 ire?
484 1983 584 2045 llujores
595 1985 682 2038 nostri.
700 1999 813 2032 convena*
823 1997 864 2044 po-

91 2064 232 2118 moresque,
250 2070 328 2118 quum
349 2056 375 2103 in
392 2055 431 2104 liis
449 2053 507 2103 loeis
524 2054 588 2103 nilril
602 2062 692 2115 preter
705 2055 780 2102 siluas
792 2057 864 2115 polu-

91 2127 188 2189 desque
199 2132 275 2182 esset,
292 2139 380 2175 norom
396 2125 484 2173 urbem
496 2131 546 2172 tom
555 2124 624 2173 brevi
638 2124 805 2173 aedilioarunt:
821 2135 864 2169 nos

92 2196 225 2258 Capitolio,
255 2210 311 2245 arce
338 2195 466 2250 ineolumi,
490 2193 611 2242 stantibus
634 2194 734 2252 templis
751 2194 863 2248 deorum,

91 2265 325 2316 aedfloereinoenso
339 2265 424 2327 pigett
434 2274 467 2322 et,
479 2264 545 2327 quod
553 2263 645 2324 singuli
659 2263 747 2311 lecturi
761 2263 864 2318 luimus,

92 2337 114 2384 si
130 2337 196 2387 redes
219 2344 311 2386 nostrae
326 2336 512 2397 deflagrassent,
529 2335 574 2383 hoe
596 2334 621 2381 in
639 2334 738 2396 publico
752 2333 865 2382 incendio

92 2407 205 2458 universi
220 2420 366 2457 recusemus
377 2407 480 2455 laceret

120 2533 866 2590 lt.retesincendentium-uirquirrorousslvtles‚emigrarun-

92 2602 163 2655 jons.
173 2606 197 2643 et
207 2597 291 2641 n'sroir
307 2597 330 2639 ni
349 2608 400 2639 nom
416 2597 439 2638 ni
456 2597 539 2651 petriol
548 2596 630 2639 lieet-il
643 2597 692 2651 plus
702 2597 801 2640 d'nmour
810 2608 866 2650 pour·

92 2670 151 2705 cette
160 2669 221 2705 terre
238 2660 311 2716 pleine
321 2659 349 2702 de
364 2658 493 2701 sourenirsl
506 2658 532 2700 lit
546 2658 620 2712 quelle
637 2658 689 2700 villo
707 2659 780 2701 miens
795 2657 865 2700 srtudo

92 2791 128 2833 15.
140 2789 237 2832 tutan.
246 2788 296 2845 loy.
307 2788 327 2831 la
340 2787 469 2832 Narration
497 2787 590 2842 dolruppo
601 2788 612 2829 d
622 2787 642 2829 lo
653 2789 717 2830 ruine
727 2795 749 2830 et
756 2789 867 2829 lutentre-

93 2849 156 2895 xl'lll
164 2852 194 2895 de
205 2850 267 2901 Μ,
279 2863 331 2894 avec
345 2849 364 2891 ln
382 2856 432 2892 note
447 2851 467 2893 5.
497 2855 562 2892 tenue
578 2848 758 2903 religieusoment
774 2849 868 2902 pendant

147 2915 183 2958 tt's
211 2912 271 2957 Casa
298 2911 399 2956 Romuli.
422 2911 469 2955 Ello
496 2911 534 2955 des
551 2910 638 2954 oideles.
660 2933 688 2943 -
705 2910 742 2956 lt.
768 2909 867 2959 euodes.
