1904 3216
86 201 134 250 att
389 202 551 253 ORATIONES

85 315 200 372 miniaco,
215 329 276 377 quas
287 317 377 367 deinde
388 319 477 374 clades,
493 331 554 381 quos
565 317 645 366 luctus
661 316 789 366 incidisset
804 317 858 367 Visa

86 393 166 435 castra
180 386 288 435 hostiurn
303 402 317 437 e
330 390 409 438 muris
422 390 500 438 urhis.
512 387 570 444 Quae
578 394 634 437 vota
643 388 797 449 singulorum
803 391 860 438 uni·

87 458 363 518 rersorumqueiuissel
380 467 476 521 quoties
489 458 514 506 in
526 457 629 507 conciliis
639 470 811 512 voces,manus
827 458 858 506 ad

88 527 178 574 coeium
193 527 385 588 porrigentium,
394 527 506 577 auoitas:
521 540 692 588 nonunquam
706 526 736 589 (il
752 527 794 575 ille
807 526 860 576 dies

24 656 26 661 Ι
86 594 187 644 iuturus
209 602 279 654 esset,
299 610 348 658 quo
361 611 461 646 vacuam
483 597 595 646 hostibus
608 597 703 645 Italiam
722 597 785 645 bona
800 608 860 658 pace

87 664 218 713 florentem
231 666 305 715 visuri
319 667 416 716 essent?
427 685 438 715 a
449 666 548 716 Dedisse
561 666 588 714 id
597 666 655 714 deos
665 665 764 714 tandem
776 673 861 714 sexto-

87 734 182 783 decimo
191 735 293 784 demum
308 749 388 785 anno:
406 750 452 785 nec
465 749 517 785 esse
528 735 572 798 qui
588 735 635 783 diis
658 743 742 797 grates
752 736 861 796 agendas

89 810 212 854 censeant.
229 807 293 856 Adeo
305 821 338 856 ne
351 807 523 857 advenientem
533 807 634 869 quidem
646 807 753 868 gratiam
769 807 800 870 (ἓ)
815 808 861 856 ho-

88 873 167 922 mines
180 875 288 938 benigne
300 877 425 940 accipere;
438 879 530 927 nedum
543 883 571 925 ut
582 878 720 938 praeteritae
732 877 792 926 satis
806 891 859 926 me-

88 957 171 994 mores
184 945 242 995 sint.

432 1099 519 1151 CXLII!

129 1237 187 1302 Cap.
202 1237 322 1290 SSVcrba
335 1244 419 1293 Romae
430 1243 503 1304 auipo
510 1243 611 1306 jacinto
622 1243 653 1292 de
664 1241 780 1305 Scipione
788 1244 813 1289 ct

244 1312 396 1361 Hannibale.
409 1313 465 1375 (550
479 1313 517 1372 Po,
531 1313 575 1362 202
589 1327 626 1360 av.
642 1313 716 1374 J.-c.)

114 1449 175 1499 iacun
184 1452 228 1486 erat
236 1449 325 1488 hostibus
334 1450 396 1491 Italia.
410 1456 430 1489 at
437 1463 475 1489 non
485 1453 541 1490 vacui
551 1434 599 1490 curn
608 1453 736 1491 Romanorum
749 1450 814 1494 animi,
824 1462 860 1490 nac

91 1495 140 1529 sans
152 1498 227 1531 certum
241 1499 330 1532 constare
344 1497 397 1543 apud
411 1507 444 1534 eos
459 1501 538 1544 poterat
551 1502 618 1535 utrum
632 1498 703 1542 garioio
717 1498 796 1545 dignum
805 1502 860 1534 esset

89 1536 214 1588 Hannibalem
224 1547 249 1574 ex
260 1539 315 1578 ltalia
325 1540 439 1588 decessisse,
447 1550 473 1578 au
481 1539 556 1589 magnis
564 1543 698 1586 metuendum,
704 1542 759 1590 quod
767 1542 860 1578 incolumi

88 1585 177 1618 exercitu
189 1581 300 1621 inunitam
310 1585 418 1622 transisset.

121 1695 342 1756 Locumnimirum‚
351 1712 401 1746 non
410 1698 547 1756 periculum
554 1703 675 1747 mutatum
688 1713 693 1744 :
705 1699 776 1761 cujus
784 1704 861 1747 tantae

88 1760 253 1813 dimicationis
270 1772 357 1824 ratem,
373 1767 416 1830 qui
435 1781 516 1829 nuper
536 1768 686 1826 decessisset,
707 1767 733 1821 Q.
758 1767 861 1816 Fabium

88 1833 154 1883 haud
167 1836 261 1884 frustra
274 1849 365 1885 canere
380 1836 411 1899 (i)
427 1839 536 1890 solitum,
549 1838 689 1898 graviorem
704 1839 729 1887 in
738 1852 781 1888 sua
791 1845 861 1886 terra

87 1904 201 1954 futurum
210 1905 304 1954 hostem
312 1906 486 1968 Hannibalem,
494 1923 568 1970 quarn
579 1908 606 1956 in
617 1907 696 1956 aliena
702 1909 715 1956 f
716 1909 790 1956 uisset
799 1921 805 1952 ε
815 1922 862 1957 nec

88 1974 194 2037 Scipioni
208 1981 251 2025 aut
264 1991 320 2026 cum
336 1979 452 2040 Syphace,
466 1979 597 2029 incondita
608 1979 806 2042 barbariaerege,
820 1980 860 2030 cui

89 2043 211 2096 Statorius
225 2047 336 2097 semilixa
357 2049 391 2111 (2)
411 2050 502 2098 ducere
520 2050 642 2098 exercitus
654 2049 742 2098 solitus
758 2050 799 2107 sit,
819 2056 861 2098 aiat

88 2129 146 2165 cum
161 2132 247 2167 socero
257 2117 312 2181 ejus
325 2119 485 2178 Hasdrubale,
499 2119 658 2181 fugacissimo
672 2120 742 2176 duce,
753 2133 808 2168 rem
821 2120 862 2168 iu-

89 2191 181 2246 turam,
198 2196 242 2237 aut
258 2189 432 2238 tumultuariis
447 2190 606 2248 exercitibus,
623 2201 653 2238 ex
670 2189 808 2251 agrestium
824 2203 863 2238 se-

90 2397 96 2409 ·
118 2345 193 2389 GXLii.
226 2348 246 2389 1.
275 2347 309 2392 X’n
341 2359 461 2404 unquam,
489 2347 663 2403 tionsinspicees
679 2360 719 2403 par
733 2361 765 2391 un
783 2347 861 2390 ardent

89 2421 147 2465 pour
155 2421 296 2465 unquamne,
311 2410 462 2465 particuiiere-
489 2408 555 2451 dosia.
566 2409 641 2452 Plauto
650 2423 655 2451 ι
667 2409 768 2466 Opem,
777 2421 806 2452 en
815 2420 860 2450 un·

90 2476 152 2512 ment
161 2471 219 2514 usite
229 2472 282 2514 daus
297 2471 330 2515 les
339 2472 462 2526 interroga·
489 2483 560 2527 quom
578 2472 692 2527 aspiciam
708 2474 747 2516 tc?
765 2469 860 2524 virgus:

172 2576 200 2612 En
210 2585 294 2623 unquam
303 2575 378 2624 patrios
386 2576 444 2623 longe
452 2578 496 2624 post
506 2578 595 2623 tempore
603 2573 675 2614 tinus...
682 2573 767 2623 (ridebo)

92 2674 146 2718 0-2.
158 2671 459 2726 Gratiam‚1agrtce,c.-a-u.
488 2672 648 2712 commeantes
664 2667 771 2723 significa
787 2666 807 2710 la
817 2666 860 2709 sois

92 2737 112 2782 lc
122 2736 213 2778 brenno
229 2732 320 2776 necorde
336 2746 376 2788 par
392 2733 413 2776 la
429 2733 462 2776 ia·
488 2731 591 2776 devinci
605 2733 680 2787 poete.
698 2729 747 2785 Voy.
766 2729 786 2772 le
804 2729 860 2772 Disc.

91 2810 147 2840 seur
157 2797 196 2839 des
206 2795 278 2837 dieux.
488 2791 588 2842 CXXXIV,
599 2805 619 2846 p.
639 2791 685 2835 199.
703 2814 731 2823 -
747 2790 767 2833 2.
784 2789 862 2833 Stato-

117 2856 201 2900 exilu.
221 2857 241 2897 1.
261 2853 348 2898 Canen
372 2865 385 2896 a
410 2865 462 2896 sou·
488 2851 712 2896 rinaaemiiica:on
730 2850 860 2905 serappelle

91 2926 141 2961 rent
157 2919 180 2962 ia
201 2929 254 2961 sens
270 2916 298 2961 da
323 2914 463 2968 vaticinari,
489 2918 545 2958 cette
552 2914 624 2956 meme
633 2913 781 2970 qualification
789 2911 861 2966 appii-
