1904 3216
118 200 165 253 568
419 199 583 252 outrtouus

120 316 212 365 cedunt
218 330 263 379 per
273 330 316 365 cra
325 323 408 366 rostra
420 315 552 378 magnifici,
566 316 700 366 sacerdotia
709 322 734 364 et
740 316 890 374 consulatus,

120 397 177 446 pers
185 387 325 448 triumphos
332 401 389 436 suos
396 392 557 443 ostentantes,
566 387 669 448 perinde
678 386 748 448 quasi
755 400 783 435 ea
794 386 891 443 honori,

120 469 170 504 nou
183 457 274 518 praellce
282 458 397 506 habeant.
412 457 478 506 Serri
489 469 539 506 aere
550 457 630 518 parati
638 456 729 518 injusta
740 456 842 516 imperia
852 457 892 505 du

122 525 247 575 minorum
259 540 308 575 non
326 527 475 590 perierunt:
491 539 542 580 ros,
568 525 682 583 Quirites,
705 526 810 588 imperio
829 525 891 584 uati,

122 597 281 657 aequcanimo
291 596 436 645 servitutem
444 596 573 645 toleratis?
580 596 609 644 tt
619 595 661 656 qui
673 600 731 643 sunt
738 595 764 643 hi
777 595 818 656 qui
826 609 893 644 rem-

121 664 248 726 publicam
259 669 429 729 occupavere‘l
444 666 558 715 Homines
568 665 767 720 sceleratissumi‚
783 665 893 714 cruentis

122 732 248 791 manibus,
259 735 362 783 immani
373 733 484 792 avaritia,
495 733 672 783 nocentissumi
682 733 797 795 idemque
806 746 893 796 super-

122 801 235 859 bissumi,
251 804 341 867 quibus
354 804 423 860 fides,
441 805 524 862 decus,
545 804 631 867 pietas,
647 811 770 866 postremo
790 803 893 852 honesta
940 808 942 812 ’

124 878 198 933 atque
213 875 340 924 inhonesta
354 874 437 924 omniu
455 875 561 936 qucestui
576 881 643 925 sunt.
656 874 714 923 Pars
728 887 815 923 eorum
826 875 894 923 occi-

124 941 189 989 disse
199 943 311 993 tribuuos
325 943 413 1006 plebis,
428 945 471 993 clii
481 944 630 1007 quaestiones
645 944 764 1005 injustas,
782 943 894 1006 plerique
918 957 921 961 ’

124 1012 216 1059 caedem
230 1012 257 1060 in
268 1026 309 1062 vos
319 1013 415 1074 secisse,
427 1027 473 1076 pro
486 1013 641 1062 munimento
654 1013 755 1063 habent.
770 1013 805 1061 lta
818 1025 894 1075 quam

125 1080 230 1143 quisque
244 1095 358 1146 pessume
369 1082 436 1141 lecit,
448 1089 501 1131 tam
515 1097 630 1132 maxume
642 1089 712 1132 tutus
731 1093 781 1139 est;
799 1087 895 1132 metum

122 1165 135 1200 a
153 1153 248 1202 scelere
260 1167 305 1202 suo
323 1156 353 1205 ad
373 1154 497 1216 ignaviam
518 1159 627 1202 vostram
647 1155 809 1211 transtulere,
833 1167 895 1216 quos

136 1223 204 1270 mnis
213 1223 298 1273 eadem
305 1237 396 1286 cupere
404 1223 448 1286 (ll,
455 1226 541 1273 eadem
552 1225 644 1283 odisse,
651 1226 737 1275 eadem
748 1231 858 1275 metuere
868 1226 896 1274 in

128 1306 205 1341 unum
216 1295 303 1354 coegit.
320 1295 365 1343 Sed
380 1295 431 1344 luec
445 1294 512 1344 inter
525 1295 601 1343 bonos
615 1295 733 1354 amicitia,
743 1295 897 1344 intermalcs

124 1363 199 1411 factio
211 1371 256 1412 est.
272 1363 363 1419 Quodsi
377 1370 428 1412 tarn
449 1378 491 1413 vos
510 1364 632 1412 libertatis
653 1379 739 1414 curam
761 1365 895 1421 haberetis,

125 1446 200 1492 quarn
216 1431 294 1480 illied
304 1426 500 1483 'dominationem
508 1433 604 1481 accensi
613 1443 681 1486 sunt,
694 1433 806 1497 prolecto
814 1448 897 1497 neque

124 1501 274 1562 respublica,
290 1502 362 1551 sicuti
373 1516 450 1561 nunc,
463 1509 612 1562 vastaretur,
637 1510 661 1553 et
673 1505 794 1554 beneticiu
815 1513 897 1556 vostra

125 1585 200 1634 penes
210 1578 332 1634 optumos,
348 1587 398 1622 non
412 1573 606 1633 audacissumos,
626 1575 720 1624 forent.
739 1575 840 1637 llajores
851 1590 899 1625 vo-

125 1642 173 1690 stri
185 1643 285 1704 parandi
301 1642 366 1704 juris
377 1650 403 1692 et
420 1644 558 1705 maJestatis
572 1643 750 1694 constituendre
763 1643 844 1706 mutia
859 1643 898 1692 bis

125 1726 171 1775 per
185 1713 347 1762 secessionem
360 1715 451 1763 armati
465 1715 613 1763 Aventinum
626 1714 659 1777 (8)
674 1727 838 1776 occuparere3
855 1727 897 1763 vos

127 1795 173 1842 pro
188 1780 310 1839 libertate,
325 1798 399 1845 quum
412 1787 443 1834 ub
455 1785 504 1834 illis
516 1784 652 1846 accepistis,
675 1799 724 1833 non
740 1797 837 1832 summa
852 1797 899 1848 ope

125 1853 259 1901 nitemini?
271 1861 346 1917 utque
360 1869 389 1904 eo
404 1857 582 1908 vehementius.
598 1870 647 1916 quc
658 1856 737 1917 majus
747 1853 854 1903 dedecus
861 1861 899 1904 est

126 1929 197 1985 parte
210 1923 326 1972 emittere
340 1938 415 1987 quam
424 1927 524 1975 omnino
538 1939 587 1974 non
602 1926 732 1986 paravisse.

160 1992 228 2042 Dicet
242 1994 333 2056 uliquis
347 2011 354 2041 ε
378 1996 440 2050 Ouid
451 1996 529 2056 igitur
541 1997 646 2044 censes‘l
670 1994 850 2043 Vindicandum
872 1992 898 2042 in

126 2074 169 2111 eos
182 2063 226 2124 qui
239 2063 305 2112 hosti
318 2063 448 2124 prodidere
463 2065 649 2128 rempublicam,
666 2078 715 2112 non
728 2078 804 2112 manu
816 2077 900 2126 neque

126 2132 151 2180 ri
165 2132 239 2194 (quod
254 2133 332 2193 magis
347 2148 388 2182 ros
401 2135 487 2184 iecisse
497 2149 572 2197 quum
580 2135 629 2183 illis
638 2134 757 2184 eccidisse
767 2134 899 2196 indiguum

127 2206 182 2263 est),
195 2218 281 2253 rerum
294 2208 505 2268 quaestionibuset
513 2207 603 2255 indicio
612 2207 688 2268 ipsius
696 2206 838 2268 Jugurtltae.
854 2209 899 2264 Qui

127 2273 149 2321 si
164 2273 294 2324 dediticius
308 2283 354 2330 est.
371 2279 481 2340 prolecto
497 2277 573 2339 jussis
590 2278 678 2326 vostris
696 2278 815 2327 obediens
837 2279 899 2334 erit:

127 2344 165 2392 sin
178 2360 206 2393 eu
219 2347 363 2408 contemnit,
385 2348 480 2397 scilicet
499 2347 685 2397 existumabatis
701 2349 781 2411 qualis
797 2349 839 2398 illa
855 2362 901 2411 pax

128 2424 171 2464 eut
183 2417 276 2466 deditio
283 2418 322 2473 sit,
331 2432 360 2466 ex
371 2432 418 2481 que
427 2419 614 2479 adtugurtham
624 2421 746 2470 scelerum
756 2421 901 2484 impunitas,

130 2609 180 2664 plus
190 2610 237 2653 tcrd
247 2623 325 2653 encore
335 2624 390 2665 pour
404 2616 501 2666 coeplum
529 2614 570 2656 lois
598 2615 618 2657 le
643 2614 702 2658 llont
721 2614 797 2662 Saue.
816 2627 903 2660 comme

130 2673 174 2713 est.
194 2694 220 2702 -
236 2673 255 2714 7.
269 2672 354 2715 Eadem
373 2685 500 2728 cupere....‚
529 2674 622 2719 Selluste
635 2676 656 2719 le
670 2676 702 2720 dit
716 2677 839 2729 lui-meme,
849 2678 903 2721 dans

128 2731 503 2789 infinitilsquiscrrentdesujetuu
530 2735 550 2778 le
566 2737 663 2791 premier
678 2737 732 2781 livre
751 2738 778 2781 dc
796 2749 833 2781 ses
850 2739 904 2782 Hiu-

128 2792 196 2834 verbc
215 2793 241 2835 in
257 2806 328 2835 unum
348 2794 427 2847 coepit.
441 2817 467 2826 -·
480 2796 501 2838 8.
530 2796 600 2841 loires
618 2807 627 2840 .·
647 2798 735 2849 Quibus
757 2799 854 2843 millis
880 2805 903 2845 et

123 2852 501 2913 Bm..Arentinumuccupavcre,
529 2870 636 2901 maxume
659 2859 756 2913 soencris
776 2872 847 2904 cnm
863 2874 904 2918 op-

115 2916 355 2969 0upluserccternent
363 2921 384 2966 lu
393 2921 503 2978 premiere
530 2918 904 2978 prmaptebeu....cmatanon·
