1904 3216
276 184 312 233 ix
330 185 426 239 Qt'tn'Ti
449 183 547 234 CURTH
562 183 619 235 titt.
637 185 675 235 IX.
817 188 863 238 50]

91 307 142 341 sest
149 300 224 354 aequis
231 312 274 341 une
281 300 349 352 gleire
358 300 547 348 immortelle,non
554 312 633 343 encore
642 301 758 355 igaieeiis
765 304 863 345 seraient

91 362 137 414 de'ji
154 361 185 402 ins
195 361 221 402 de
235 362 255 403 la
270 361 352 413 plone!
367 360 395 402 lie
411 360 460 414 plus
475 362 568 413 grandes
587 362 664 404 choses
681 371 766 404 restent
777 365 788 404 ri
799 366 861 413 faire,

92 435 224 476 pourvuque
233 422 519 474 lesitactnonirnsgardem
528 423 862 479 ieroidelatrahisonquiaiitit

92 484 149 536 perir
160 483 206 535 pius
215 483 241 524 de
260 495 392 536 monarques
407 495 449 536 que
467 484 486 525 la
500 494 586 535 guerre.
600 506 624 512 —
640 484 756 525 Menandre
770 497 781 525 a
793 498 862 537 coneu

92 544 294 598 depuislongtemps
302 543 321 585 le
331 543 403 598 projet
409 544 435 585 de
443 543 519 585 nertio·
527 545 632 599 Oiympias
643 545 706 599 apres
714 557 738 586 se
746 554 816 596 mort;
827 547 861 589 s'it

92 607 184 649 mourait
192 606 315 657 lui-meme.
326 618 368 661 que
379 606 411 647 les
422 604 574 648 Macedoniens
582 617 610 648 en
620 607 713 662 gardent
721 606 741 648 ia
749 607 861 654 memoire.

119 745 189 795 Vobis
203 745 312 808 quidem,
333 743 475 794 olidissimi
495 745 652 808 piissimique
674 746 766 796 civium
787 754 861 813 atque

89 815 235 871 amicorum.
249 822 331 876 grates
345 829 391 877 ago
402 815 537 879 habeoque.
549 829 598 864 non
613 819 694 865 sotum
710 830 739 866 eo
749 818 859 878 nomine,

90 885 156 949 quod
169 885 240 933 hodie
253 884 357 933 salutem
375 897 455 933 meam
472 891 562 934 vestre
577 884 733 947 praeponitis,
743 886 785 935 sed
794 889 861 948 quod

90 953 257 1018 aprimordiis
268 954 327 1004 beili
341 955 437 1003 nullum
454 969 511 1017 erge
523 970 563 1004 me
579 955 755 1005 benevolentiae
770 957 861 1020 pignus

89 1034 163 1089 atque
173 1024 293 1073 indicium
304 1023 431 1080 omisistis,
444 1025 504 1073 adeo
517 1032 547 1074 ut
560 1025 730 1075 confitendum
740 1026 782 1085 sit,
795 1042 861 1078 nun·
933 1072 936 1080 ,

89 1110 163 1159 quam
177 1095 239 1145 mihi
253 1095 329 1144 sitam
345 1107 426 1144 meam
442 1095 520 1144 fuisse
538 1103 589 1144 tam
603 1109 695 1153 caram,
714 1110 788 1158 quam
806 1112 860 1150 esse

89 1165 170 1228 coepit,
183 1171 212 1214 ut
220 1165 288 1214 vobis
301 1165 344 1213 diu
356 1163 407 1213 irni
423 1165 525 1227 possim.
539 1165 654 1214 Ceterum
662 1178 712 1214 non
725 1166 811 1216 eadem
822 1176 861 1218 est

89 1232 205 1294 cogitatio
222 1245 309 1281 eorum
326 1231 369 1294 qui
387 1246 432 1294 pro
446 1233 560 1281 memori
572 1240 667 1294 optant,
685 1239 711 1282 et
722 1247 798 1283 mea:
815 1238 860 1299 qui

89 1304 188 1367 quidem
193 1304 257 1352 hanc
263 1303 460 1352 benevolentiam
468 1309 575 1352 nestram
586 1303 680 1353 virtute
692 1304 815 1355 meruisse
821 1321 860 1357 me

84 1373 451 1435 judico.Vosenimdiuturnum
459 1374 608 1422 fruetumex
615 1386 663 1431 me,
671 1374 774 1423 forsitan
783 1375 859 1426 etiam

89 1451 244 1507 perpetuum,
258 1444 385 1508 percipere
399 1444 505 1506 eapitis:
516 1457 561 1506 ego
568 1457 608 1492 me
619 1444 709 1493 metior
719 1458 769 1494 non
780 1447 860 1497 etatis

89 1513 175 1577 spatio,
189 1514 232 1564 sed
247 1514 342 1577 gioriae.
355 1514 435 1563 Licuit
449 1514 561 1576 paternis
569 1513 658 1573 opibus
670 1516 859 1568 eontentointra

88 1584 232 1634 Macedoniae
247 1583 367 1633 terminos
381 1597 426 1646 per
443 1584 523 1633 otium
537 1584 648 1644 eorporis
662 1586 859 1646 exspectarent-

87 1669 185 1706 souram
197 1661 223 1703 et
232 1654 365 1717 ignobitem
385 1660 557 1709 senectutem
579 1667 720 1716 quanquam
743 1668 775 1705 ne
792 1655 859 1718 pigri

88 1724 185 1789 quidem
195 1725 243 1775 sibi
255 1727 304 1773 iata
319 1724 465 1787 disponunt,
478 1725 521 1772 sed
530 1724 634 1773 unicum
647 1724 740 1774 honum
756 1725 859 1775 diutur-

88 1810 144 1845 nam
155 1795 230 1845 vitam
244 1795 412 1847 existimantes
423 1809 488 1859 saepe
500 1796 589 1844 acerba
604 1808 672 1843 mors
685 1802 790 1858 occupat
802 1812 807 1844 :
817 1810 859 1846 re·

88 1881 144 1916 rum
155 1880 210 1928 ego.
228 1866 272 1928 qiri
283 1879 332 1914 non
343 1880 420 1915 annos
431 1880 509 1923 meos,
521 1866 566 1915 sed
576 1867 695 1916 victorias
707 1880 823 1921 numero.
837 1867 859 1916 si

87 1951 191 1986 munera
201 1936 310 1986 fortune
324 1937 387 1986 bene
399 1942 525 1999 computo.
544 1936 586 1984 din
598 1936 657 1984 rixi.
671 1936 748 1985 Orsus
759 1937 859 1986 ailaoe·

87 2008 159 2057 donia
179 2006 310 2068 imperium
328 2006 427 2054 Graeeire
450 2011 536 2063 teneo;
558 2005 686 2054 Thraciam
707 2012 732 2054 et
762 2005 858 2068 illyrios

87 2078 189 2141 subegi3
206 2076 321 2125 Triballis
340 2075 469 2138 ttoesisque
491 2075 526 2138 (1)
546 2077 674 2137 imperito;
694 2075 786 2132 Asiam,
810 2089 859 2137 qua

87 2148 252 2210 Hellesponto,
269 2159 317 2208 qua
331 2146 415 2195 Rubro
426 2146 487 2194 mari
506 2144 647 2202 subluiturf
661 2144 782 2208 possideo.
792 2146 860 2194 Jamss

86 2231 135 2278 que
156 2217 221 2264 hauri
237 2215 324 2278 procui
337 2216 426 2263 absum
441 2229 454 2262 a
471 2215 520 2263 fine
538 2215 635 2276 mundi,
651 2228 726 2276 quem
743 2227 859 2275 egressus

87 2288 158 2337 aliem
169 2292 293 2341 naturam,
302 2283 379 2332 alium
388 2284 474 2333 orbem
485 2284 584 2346 aperire
593 2283 656 2332 milri
666 2283 750 2333 statui.
765 2284 796 2332 iix
805 2283 859 2333 asia

86 2359 113 2406 in
126 2358 229 2417 Europe
248 2355 369 2404 terminos
382 2361 506 2403 momento
518 2355 594 2403 unius
611 2355 678 2402 horae
697 2354 801 2403 transivi
813 2355 858 2416 (t).

86 2426 166 2476 Victor
180 2425 313 2487 utriusque
331 2423 440 2488 regionis
454 2432 508 2487 post
527 2437 620 2474 nonum
638 2423 711 2485 regni
726 2425 785 2481 mei,
804 2431 860 2487 post

111 2601 180 2645 xiix.
196 2604 217 2646 t.
235 2601 315 2650 uaeris,
333 2603 455 2645 correction
483 2603 548 2658 lippe.
567 2602 600 2645 les
621 2601 737 2655 imbelles,
754 2600 859 2657 amquels

87 2665 113 2706 de
136 2662 270 2706 Freinsheim
291 2674 348 2719 pour
371 2663 455 2714 Ιεάίε,
484 2663 566 2705 emieat
584 2662 648 2706 alites
668 2662 701 2705 ies
724 2661 794 2711 uest.
821 2675 858 2714 oa,

87 2726 143 2782 petit
168 2725 247 2782 periplo
271 2726 299 2768 de
322 2725 343 2768 la
366 2725 457 2777 Thrace,
484 2737 569 2767 oornme
583 2725 689 2769 lesGrees
703 2723 858 2779 disentdyui.

87 2786 185 2842 parsqui
200 2787 261 2830 vient
275 2786 343 2829 d'ttre
361 2786 456 2830 nomme.
485 2783 857 2828 trahitantsdesbordsduttmuhe.

87 2848 205 2892 Alexandro
217 2848 275 2891 avait
284 2849 367 2899 vainru,
376 2860 418 2902 peu
430 2849 457 2891 de
484 2870 511 2881 -
532 2847 552 2891 2.
573 2848 606 2892 8³
628 2848 682 2892 Asia
707 2847 733 2890 in
761 2847 860 2902 Europa

88 2915 157 2964 temps
175 2909 238 2964 apris
255 2908 276 2951 ia
289 2917 345 2950 mort
363 2908 390 2951 de
407 2907 458 2951 Phi·
487 2908 630 2960 terminos...,
646 2919 712 2964 texet
726 2907 748 2951 it
758 2906 865 2950 [tiseoxm
