1904 3216
117 205 165 256 480
330 208 333 214 ’
420 211 580 262 onarlones

118 337 182 375 unus
190 323 281 375 alterve
290 326 402 388 perditus
411 341 441 376 ac
452 329 602 378 temulentus
617 329 706 392 (nequa
720 325 789 376 enim
803 325 891 389 plures

117 395 316 446 consternatione
333 397 364 460 (5)
375 397 487 459 proxima
495 399 619 448 insanisse
630 396 790 459 crediderim)
803 400 892 447 centu-

117 464 197 516 rionis
213 480 240 514 ac
256 466 352 516 tribuni
367 468 488 530 sanguine
503 481 592 518 manus
603 465 713 517 imbuet‘l
727 467 891 530 Imperatoris

119 537 157 586 sui
171 536 306 585 tentorium
317 537 456 600 irrumpet?
540 596 541 599 Ἴ

148 606 193 655 los
205 607 307 669 quidem
318 607 387 657 istud
397 622 441 669 pro
451 622 491 658 me
501 607 534 670 (l)
546 624 552 656 ε
565 609 608 658 sed
620 608 647 656 in
659 607 775 657 discursu
784 621 815 658 ac
823 612 893 658 tene·

116 676 170 726 hris
181 682 206 725 et
215 691 300 726 rerum
312 677 425 727 omnium
436 677 578 727 confusione
588 677 698 740 patelieri
707 676 804 726 occasio
814 676 892 727 etiam

117 748 235 796 adversus
241 761 281 797 me
287 753 375 810 potest.
385 747 410 795 Si
421 746 516 796 Vitellio
525 753 549 796 et
557 747 708 797 satellitibus
715 746 770 810 ejus
779 746 891 810 eligendi

118 817 220 868 facultas
227 818 309 875 detur,
320 817 472 880 quemnohis
480 817 602 875 animum,
613 831 675 880 quas
686 823 782 868 mentes
793 817 893 881 impre-

38 951 42 957 μ
118 892 205 937 centur
221 888 265 953 (5),
284 888 346 952 quid
361 888 427 937 aliud
442 902 517 951 quam
532 887 680 938 seditionem
698 893 724 938 et
738 887 892 938 discordiam

119 959 254 1021 optabunt?
262 973 293 1009 ne
303 959 374 1007 miles
384 959 533 1015 centurioni,
543 972 575 1008 ne
587 959 698 1008 centurio
709 958 811 1007 tribuno
820 960 892 1009 obse·

39 1060 41 1067 κ
117 1035 218 1091 quatur,
232 1030 291 1078 hinc
305 1030 401 1078 confusi
411 1029 505 1091 pedites
517 1029 664 1092 equitesque
676 1030 701 1077 in
716 1028 821 1078 exitium
832 1043 892 1079 rua-

118 1099 190 1147 mus?
202 1100 311 1148 Parendo
328 1101 419 1162 potius,
435 1099 621 1157 commilitones,
639 1113 714 1163 quam
723 1099 832 1161 imperia
840 1099 891 1149 du-

117 1183 175 1217 cum
186 1169 333 1220 sciscitando
344 1183 384 1219 rcs
392 1170 511 1219 militares
521 1170 678 1219 continentur
686 1185 693 1228 3
700 1176 725 1218 et
736 1169 891 1220 fortissimus

120 1240 146 1289 in
156 1240 209 1305 ipso
216 1241 363 1292 discrimine
371 1241 494 1290 exercitus
502 1246 548 1299 est,
556 1241 600 1303 qui
607 1247 664 1290 ante
674 1240 811 1290 discrimen
819 1239 894 1303 quie·

118 1309 238 1362 tissimus.
254 1312 325 1362 llobrs
337 1325 406 1360 arma
418 1318 443 1359 et
458 1311 555 1359 animus
569 1310 601 1359 sit
616 1327 622 1357 :
639 1309 702 1358 mihi
717 1308 850 1359 consilium
866 1316 893 1360 et

118 1379 218 1431 virtutis
225 1388 313 1431 vestrae
323 1381 434 1442 regimen
441 1380 583 1442 relinquite.
597 1382 734 1429 Paucorum
745 1380 820 1442 culpa
828 1379 891 1439 luit,

118 1450 225 1500 duorum
236 1466 307 1515 poena
317 1452 380 1500 erit:
392 1450 471 1500 ceteri
483 1451 579 1499 abolete
585 1451 733 1500 memoriam
742 1449 893 1501 loedissimae

117 1520 209 1576 noctis;
224 1534 269 1570 nec
283 1521 337 1570 illas
352 1521 468 1571 adversus
485 1525 597 1570 senatum
613 1534 683 1570 voces
695 1519 761 1568 ullus
774 1533 893 1582 unquam

118 1590 240 1639 exercitus
248 1591 340 1641 audiat.
349 1591 424 1652 Caput
432 1590 531 1653 imperii
541 1591 571 1652 (dl
581 1598 605 1639 et
615 1588 822 1640 decoraomnium
829 1603 896 1652 pro-

117 1656 255 1709 vinciacum
267 1660 297 1709 ad
305 1672 402 1723 poenam
414 1673 499 1709 vocare
508 1673 566 1716 non,
577 1660 669 1717 hercle,
681 1658 726 1716 illi,
735 1672 799 1721 quos
810 1672 894 1721 quum

117 1729 222 1780 maxime
238 1730 346 1779 Vitellius
363 1730 389 1777 in
405 1731 520 1788 nesciet,
536 1730 651 1778 Germani
671 1728 786 1778 audeant.
809 1729 894 1780 Ullinc

122 1799 193 1848 italiae
204 1799 298 1849 alumni
314 1804 339 1848 et
353 1799 458 1847 Romana
469 1813 525 1848 vere
533 1799 652 1861 juventus
664 1798 694 1846 ad
704 1797 856 1859 sanguinem
867 1806 893 1850 et

120 1870 208 1918 caedem
219 1870 407 1933 depoposcerint
416 1869 540 1926 ordinem,
553 1869 623 1930 cujus
634 1870 762 1930 splendore
772 1875 798 1919 et
806 1871 894 1930 gloria

118 1941 202 1991 sordes
208 1947 232 1990 et
237 1941 414 1992 obscuritatem
423 1941 608 1990 Vitellianarum
619 1940 726 2002 partium
735 1941 893 2006 praestringi-

118 2011 189 2060 mus?
209 2013 323 2062 Nationes
346 2012 442 2074 aliquas
463 2011 593 2073 occuparit
613 2011 734 2068 Vitellius,
748 2010 893 2072 imaginem

119 2082 242 2143 quandam
255 2083 378 2133 exercitus
389 2082 461 2130 hahet
476 2097 481 2126 :
495 2088 596 2130 senatus
604 2079 736 2130 nobiscum
749 2087 796 2129 est.
811 2081 853 2132 Sic
862 2083 894 2134 fit

119 2157 146 2201 ut
156 2153 215 2203 hinc
228 2152 376 2215 respublica,
392 2152 449 2200 inde
465 2152 549 2200 hostes
565 2151 708 2213 reipublicae
719 2150 891 2203 constiterint.

119 2222 197 2280 Quid?
206 2237 248 2273 vos
258 2222 456 2285 pulcherrimam
466 2221 626 2271 hancUrhem
633 2220 745 2269 domibus
751 2225 777 2270 et
785 2221 860 2273 tectis
867 2230 893 2274 et

119 2298 236 2354 congestu
246 2293 357 2355 lapidum
367 2291 893 2345 starecreditislmutaistaetinanimain·

120 2454 205 2499 guerre.
216 2466 242 2475 —
252 2443 274 2487 3.
284 2443 443 2488 consternatio
459 2441 490 2485 si·
516 2441 581 2485 nobis
596 2441 670 2485 inesse
682 2442 817 2496 precentur.
831 2444 890 2490 —6.

120 2504 490 2561 galliosouveut:tumulte,ddsor-
517 2503 592 2559 Caput
610 2501 719 2558 imperii.
735 2502 756 2544 lo
775 2501 852 2555 senat,
870 2505 892 2549 le

120 2568 166 2617 dre,
185 2565 298 2609 confusion
316 2566 432 2621 gerierale;
450 2578 489 2619 par
516 2565 568 2607 chel
576 2565 673 2620 legitime
683 2563 710 2606 da
722 2562 742 2605 la
754 2562 891 2622 republique

120 2641 152 2671 ex.
163 2639 191 2669 au
201 2627 254 2668 llisc.
265 2625 311 2668 clv
327 2626 354 2668 de
370 2626 487 2675 'lite-lire,
515 2627 592 2681 depuis
604 2640 645 2682 que
660 2628 691 2669 les
709 2625 845 2670 essemhlees
861 2627 892 2672 da

120 2700 173 2744 pege
188 2686 242 2730 ido:
263 2688 313 2730 Haec
331 2686 488 2730 consternatio
515 2689 594 2742 peuple
608 2688 693 2730 avaient
710 2685 777 2729 cesse.
801 2687 892 2733 iirece-

120 2748 248 2797 muliedris,
267 2761 291 2790 ce
310 2749 415 2798 tumulte‚
432 2755 488 2791 cettc
516 2750 669 2793 vaitdanssou
684 2749 732 2792 sein
745 2748 777 2791 les
787 2748 892 2795 hommes

119 2811 205 2856 emente
216 2810 243 2853 da
253 2811 352 2854 lemmes.
366 2834 393 2842 —
406 2811 426 2853 l.
445 2811 488 2853 Pro
515 2813 546 2855 les
553 2814 602 2867 plus
610 2812 716 2854 eminente
725 2810 764 2853 des
772 2813 891 2867 provinces

109 2886 153 2930 me,
171 2880 248 2920 seat.
266 2874 366 2934 fecistis.
380 2873 436 2919 -5.
450 2873 491 2918 No·
517 2873 556 2930 qui
573 2873 654 2916 etaient
668 2871 716 2926 dela
732 2872 834 2928 citoysns
854 2887 892 2918 m·

99 2935 164 2982 bis...
173 2939 498 2994 alaprecentur,c'est-lsllrs
524 2936 613 2982 mains:
625 2933 684 2979 osli
695 2938 823 2978 cellsautre
838 2946 892 2992 squu-
