1904 3216
203 40 208 51 =
291 40 309 71 .·.·
319 40 353 73 -μ
365 40 400 75 :p
409 40 458 69 wo
465 40 639 77 eruemur-¹·
647 40 698 67 *ov

396 92 399 99 .
533 92 536 101 ι
552 88 556 101 ι
571 82 574 87 ’
629 82 632 87 ’

298 204 336 254 llll
353 203 497 255 sillusrn
512 200 669 257 luduntur.
820 199 868 251 365

96 319 183 370 Utrum
200 311 301 382 grauius
315 321 456 378 existumet.
478 319 572 368 nemini
585 319 714 370 occultum'
732 324 779 367 est.
806 316 865 365 llum

95 391 166 440 initio
181 390 272 440 oceidit
286 390 460 453 Hiempsalem,
476 391 579 440 fratrem
591 405 687 445 meum;
705 390 761 438 dein
786 386 866 449 patrio

95 470 172 516 regno
185 471 224 506 me
235 458 343 520 expulit:
356 472 412 520 quae
425 473 485 508 sune
499 459 592 508 luerint
602 466 693 508 nostrae
705 456 815 520 iniuriae,
826 455 866 503 ni-

94 526 130 576 hil
145 527 176 575 od
188 542 228 577 ros
241 529 284 590 11).
296 528 385 577 Verum
395 536 577 579 nunciostrum
587 543 693 591 regnum
701 528 865 583 armistenet3

95 612 143 654 ine,
155 613 229 660 quern
240 613 283 649 vos
294 599 467 661 imperatorem
483 600 595 649 Numidis
610 600 736 662 posuistis,
754 598 867 648 clausum

95 667 199 716 obsidet.
214 670 361 730 legatorum
379 669 454 718 verbu
469 669 554 732 quenti
573 669 669 726 lecerit,
687 666 794 732 pericula
811 680 867 716 mee

94 736 227 786 deoleiuut.
247 739 310 794 Quid
325 739 452 800 reliquum
465 739 514 790 nisi
527 746 611 789 vostra
631 739 681 794 ris,
699 752 749 802 quo
771 737 866 788 moveri

95 808 193 870 possit?
203 809 262 859 llam
273 823 320 872 ego
333 810 435 873 quidem
446 811 535 861 vellem
547 821 572 861 et
585 813 648 869 haeo,
658 826 716 875 quae
729 809 821 866 scribo,
841 815 868 858 et

94 879 145 936 ille,
156 893 212 942 qure
224 885 296 929 antee
309 880 336 929 in
349 886 437 930 senatu
453 888 555 943 questus
570 896 635 940 sum,
647 896 708 932 vane
719 882 802 931 forent
820 893 868 944 po-

95 949 153 1007 tius.
170 964 245 1012 quem
257 950 358 1000 miserie
369 964 424 1000 mee
440 951 514 1002 fldem
525 953 610 1002 verbis
622 954 723 1003 laceret.
744 952 792 1002 Sed
801 965 867 1014 quo·

94 1021 163 1069 niem
186 1033 215 1070 eo
240 1026 314 1070 nutus
331 1033 396 1078 sum,
420 1026 450 1069 ut
464 1021 597 1084 Juguiuhre
619 1024 740 1074 scelerum
758 1021 867 1073 ostentui
892 1042 896 1048 ·

93 1102 175 1139 essem
189 1090 230 1153 (5),
245 1103 294 1138 nou
308 1091 358 1148 jam
380 1096 487 1140 mortem
501 1105 582 1154 neque
602 1106 737 1148 erumnas.
758 1099 865 1141 tantum·

94 1160 165 1208 modo
176 1160 272 1209 inimici
282 1160 416 1223 imperium
428 1169 454 1211 et
467 1161 591 1212 cruciatus
608 1162 719 1225 corporis
736 1163 864 1226 deprecor.

95 1230 178 1292 Regno
192 1231 325 1287 Numidire,
336 1232 403 1294 quod
412 1240 524 1281 vostrum
537 1238 583 1289 est,
598 1233 636 1282 uti
648 1233 717 1281 lubet
729 1231 864 1292 consulite3

94 1310 173 1348 meex
188 1300 304 1349 manibus
315 1301 401 1362 impiis
417 1300 508 1363 eripite
528 1316 574 1365 per
589 1302 742 1363 majestatem
765 1302 864 1365 imperi,

94 1380 140 1429 per
153 1369 271 1418 amicitie.
286 1370 368 1428 odero,
383 1370 404 1420 si
416 1371 467 1421 uile
478 1373 543 1434 opud
562 1386 605 1422 vos
617 1372 738 1421 memoria
754 1379 866 1424 remanet

93 1436 133 1486 avi
146 1438 196 1490 mei
208 1436 347 1489 llasinissu.

463 1630 491 1681 lt

147 1769 204 1832 Gap.
218 1769 260 1820 31.
272 1769 361 1821 Oratio
375 1772 401 1822 C.
418 1772 523 1820 llouum'i
538 1771 632 1820 tribuni
647 1773 683 1821 ad
695 1773 810 1834 Quirites.

331 1842 385 1906 [olo
394 1842 433 1900 li,
447 1843 489 1891 111
505 1857 543 1892 ev.
556 1843 632 1906 120.)

115 1978 168 2030 Cirta
174 1983 230 2026 eapte
238 1984 258 2016 et
265 1979 376 2018 Adherbale
384 1984 461 2021 neceto.
469 1980 548 2018 Romani
562 1981 689 2027 &ilpurnium
706 1982 807 2020 consulem
821 1991 866 2019 oum

93 2027 182 2061 exercitu
192 2023 411 2070 adversusiuuurtliuin
420 2025 506 2074 nostre„
514 2026 547 2062 iliu
555 2036 636 2072 pecunie
647 2031 667 2063 et
675 2029 773 2063 cousulens
783 2031 803 2062 ot
811 2027 866 2072 lege·

93 2074 125 2105 tos
132 2069 219 2106 coitsulis
228 2074 322 2116 eorrupit.
335 2079 357 2105 oc
367 2069 438 2106 liclitie
445 2070 544 2106 ‹ledittoue
552 2081 620 2118 potum
627 2072 652 2105 ul>
660 2070 683 2107 iis
692 2070 810 2117 impeti-uuit.
819 2075 865 2113 Qun

94 2111 128 2150 ubi
140 2112 204 2149 lloiuae
215 2111 324 2154 innotuere,
332 2112 350 2148 G,
361 2113 460 2150 demuntur
470 2141 475 2157 ,
484 2113 575 2150 tribunus
584 2115 657 2161 plebis.
669 2121 761 2161 populum
775 2113 866 2151 hortetur

93 2158 118 2238 gd
129 2155 267 2237 vipdimdum
277 2158 420 2204 iutuguruiem
427 2157 484 2194 simul
493 2165 513 2193 er
527 2161 546 2194 in
556 2159 630 2207 eosqui
642 2159 786 2207 reuponticum
794 2157 864 2207 prodi-

108 2210 154 2237 eren
174 2212 179 2235 ε

87 2337 90 2342 ·
120 2318 220 2362 L'umour
229 2319 256 2361 do
270 2319 290 2361 le
301 2320 370 2373 putrie
380 2326 441 2374 porte
451 2319 564 2363 llemmius
573 2321 584 2362 d
594 2321 673 2362 braver
688 2320 709 2362 le
718 2319 801 2374 danger
811 2327 834 2364 et
852 2321 864 2365 i

93 2381 175 2435 parler.
184 2380 265 2435 llepuis
284 2381 345 2434 vingt
354 2393 394 2423 ens
404 2381 424 2424 le
438 2383 517 2436 peuple
527 2390 560 2425 est
570 2383 590 2424 lo
605 2383 667 2436 jouet
682 2381 721 2424 des
731 2382 833 2434 spetiem,
844 2391 866 2427 et

94 2454 129 2485 ses
142 2441 271 2484 deleuseurs
280 2441 413 2484 deuieuueut
422 2442 481 2484 leurs
499 2444 610 2495 victimes3
621 2443 742 2497 copendout
751 2445 865 2488 llemmius

93 2502 173 2546 oberte
188 2514 228 2545 son
237 2501 321 2554 devoir,
338 2502 413 2559 quello
430 2516 473 2558 que
490 2505 531 2546 soit
549 2504 622 2546 l'issue
633 2504 659 2546 de
670 2517 705 2547 ses
713 2506 797 2550 ellorts.
810 2507 826 2549 il
837 2519 865 2550 ue

93 2652 113 2696 2.
125 2650 187 2695 Nihil
198 2651 231 2696 od
240 2664 287 2702 vor,
298 2651 394 2696 locution
402 2652 466 2696 ubre-
493 2658 520 2697 ut
530 2655 625 2697 idoneus
639 2668 710 2699 eorem
724 2657 750 2699 in
762 2670 807 2714 quo
821 2658 864 2702 Ju-

94 2711 133 2767 gee
145 2714 182 2768 qui
192 2725 215 2755 se
225 2720 302 2756 trouve
312 2714 466 2766 tres-souveut‚
493 2716 584 2771 portio
592 2717 681 2760 scelera
692 2718 772 2773 polam
789 2723 865 2763 orten-

94 2786 150 2830 pour
159 2773 191 2816 od
201 2785 239 2818 uos
254 2787 300 2818 non
314 2775 466 2830 pertinentes.
493 2778 611 2821 durentur.
628 2779 724 2822 'luciteu
743 2783 801 2823 aussi
818 2794 864 2823 em·
885 2832 888 2837 ,

93 2859 119 2868 ·-
129 2836 150 2879 5.
168 2833 196 2878 m
214 2836 337 2893 Jupurtte
352 2838 466 2881 scelerum
494 2840 555 2896 plope
564 2841 582 2882 lu
593 2841 688 2885 locutiou
697 2844 798 2887 ostentui
809 2856 867 2890 esse.

94 2896 195 2941 ostentui
220 2909 303 2948 asem,
325 2899 465 2951 o'estd-dire.
494 2901 821 2954 luitotuxltml3xuus
