1904 3216
291 204 326 255 EX
344 202 490 255 soccosttl
504 202 664 256 manneus.
812 206 859 256 oto

90 323 194 370 honores
204 324 362 369 contemnant
370 334 378 379 3
386 319 419 367 ita
432 318 478 367 hos
488 325 584 380 petunt,
594 319 667 381 quasi
678 320 781 368 honeste
792 319 859 370 sixe-

90 392 147 440 uint.
169 391 202 440 Ne
225 391 261 438 ilii
279 390 334 439 falsi
351 398 420 445 sunt,
436 388 479 450 qui
498 390 686 438 divorsissumas
704 404 745 438 res
762 391 859 452 pariter

89 469 236 523 exspectant,
248 461 352 521 ignavius
362 460 509 522 voluptutem
517 470 542 508 et
551 461 652 522 prasinis
661 461 770 509 virtutis.
781 466 860 522 Atque

89 532 171 581 etism.
182 544 257 593 quom
269 531 334 593 apud
343 544 384 579 vos
393 536 436 579 aut
446 530 473 577 in
483 535 569 578 senatu
580 530 654 579 verba
663 531 766 585 iaciunt,
778 530 860 594 ptera-

88 616 136 663 que
151 601 262 650 oratione
273 602 378 663 majores
393 614 450 649 suos
463 599 594 657 extollunt,
610 616 696 651 corum
707 601 781 651 tortia
796 603 860 652 facta

89 669 248 720 memorando
258 670 376 719 clariores
388 681 442 718 seso
453 677 548 731 putant.
562 669 630 725 Quod
642 678 726 719 contra
737 678 790 729 ust3
799 684 860 721 nam

89 742 237 803 quantocita
250 741 350 790 itionum
361 740 514 800 preclarior,
523 749 591 790 tanto
600 741 860 792 horumsooocdiatlo·

88 812 208 868 uitiosioc.
224 813 252 859 Et
264 812 374 874 protecto
388 812 423 860 ita
436 825 462 859 se
476 825 516 859 ros
533 812 620 866 luben
638 812 760 874 iiiojoium
776 812 859 873 gloria

89 882 194 945 posteris
202 882 274 943 quasi
285 885 368 930 iumen
377 887 427 938 est;
435 895 516 943 neque
524 883 588 931 bona
602 895 682 943 neque
696 883 859 933 molosorum

89 954 114 1001 in
131 955 228 1002 occuito
243 954 276 1013 io)
289 952 392 1013 patitur.
412 952 516 1013 Huiusce
531 953 569 1001 rei
586 965 631 1011 epo
644 952 750 1015 inopiam
768 953 856 1012 fateor,

88 1024 209 1081 Quirites
223 1036 318 1073 venum.
329 1023 354 1071 id
365 1023 432 1084 quod
441 1023 519 1071 multo
531 1023 675 1086 preclarius
690 1031 737 1080 est,
752 1032 859 1075 meamet

88 1098 153 1143 tactu
167 1093 229 1142 mihi
247 1092 331 1141 dicere
344 1092 411 1141 licet.
427 1092 496 1141 iiunc
510 1092 600 1149 videte,
616 1106 691 1155 quain
704 1094 784 1157 iniqui
798 1095 856 1144 sint.

87 1164 157 1221 Quod
169 1177 199 1213 ex
208 1163 288 1211 aliena
299 1162 392 1211 virtute
401 1162 448 1212 sibi
460 1168 586 1223 arrogant.
599 1161 624 1210 id
633 1163 695 1211 mini
705 1178 735 1212 ex
743 1178 797 1214 moa
810 1179 859 1215 uon

87 1233 234 1283 concedunt.
245 1232 338 1281 scilicet
346 1233 405 1294 quia
415 1232 537 1292 imagines
547 1246 594 1280 uon
602 1232 680 1281 habeo
689 1240 715 1282 ot
724 1234 782 1295 quia
794 1235 858 1284 mihi

88 1317 151 1351 nova
160 1303 275 1352 nobilitas
284 1309 330 1361 est,
340 1316 415 1365 quain
426 1309 491 1352 certe
504 1302 627 1364 peperisse
637 1303 724 1351 melius
736 1312 858 1366 estunam

87 1381 211 1437 acceptam
227 1373 376 1434 corrupisse.
392 1373 512 1434 Equidem
529 1387 574 1434 ego
590 1386 639 1421 non
656 1374 752 1433 ignoro,
768 1375 789 1423 si
804 1374 858 1437 jam

89 1443 149 1492 nini
159 1443 399 1505 responderevelint.
413 1444 511 1492 abunde
523 1443 710 1492 iiiisfacundam
723 1451 748 1494 et
759 1459 858 1509 compo-

88 1514 160 1563 sitam
170 1512 217 1576 (10}
231 1513 370 1563 ouationem
381 1514 444 1562 foce.
457 1513 503 1562 Seu
516 1513 541 1561 iu
555 1527 671 1563 maxuino
687 1522 769 1565 vostro
781 1516 855 1566 bene·

88 1585 153 1640 ticio,
162 1598 237 1647 quom
247 1585 427 1634 omnihuslocis
438 1598 477 1633 me
488 1598 580 1646 uosque
589 1584 727 1634 muteoictis
737 1588 856 1645 toccient,

88 1668 135 1703 uon
146 1655 240 1716 placuit
251 1655 363 1711 reticere,
375 1667 405 1702 ue
416 1654 472 1715 quis
483 1655 629 1703 modestiam
641 1655 668 1703 in
679 1657 857 1708 conscientiam

87 1727 188 1774 duceret
203 1725 260 1785 (ii).
280 1725 342 1773 Nom
362 1739 401 1773 mc
414 1725 515 1786 quidem
531 1739 560 1773 ex
576 1726 652 1774 animi
669 1727 719 1775 mei
735 1728 857 1778 sententia

88 1796 155 1845 nulla
166 1797 246 1844 oratio
259 1796 347 1844 nodeca
357 1802 450 1858 potest;
461 1798 552 1859 quippe
564 1810 622 1845 vera
636 1810 734 1846 necesse
745 1806 784 1847 est
794 1799 858 1849 beno

88 1867 211 1927 pnedicet,
226 1867 314 1915 tusam
333 1866 382 1915 vita
396 1880 527 1928 moresque
543 1867 592 1915 inei
605 1875 723 1926 superant
737 1869 793 1931 (tn.
810 1870 857 1919 Sed

87 1938 205 1999 quoniam
221 1945 303 1986 vostro
312 1936 412 1986 consiliu
428 1944 583 1991 accusantur,
599 1938 642 1999 qui
655 1938 718 1987 inihi
730 1952 857 1989 summum

87 2011 206 2057 honoiem
214 2016 239 2057 et
246 2022 390 2058 maxumum
398 2009 692 2071 negotiuiniinpusuistis,
701 2009 857 2072 etiamatque

87 2080 161 2129 etiam
170 2084 293 2140 reputate,
303 2092 363 2128 nuru
370 2093 457 2128 eorum
465 2079 635 2141 poenitondum
645 2079 687 2128 sit.
696 2080 747 2127 Non
757 2093 857 2142 possum

87 2151 144 2199 fidoi
154 2164 226 2200 causa
236 2148 285 2213 (15)
295 2150 415 2211 imagines
423 2163 502 2212 neque
513 2151 652 2211 triumphos
661 2157 704 2199 aut
714 2152 857 2201 consulatus

87 2221 211 2283 majorum
224 2229 487 2278 meoru1nostentane;
503 2226 536 2279 st,
551 2221 572 2269 si
584 2234 624 2268 res
638 2222 751 2283 postulet,
763 2221 855 2279 hastas,

112 2430 134 2475 9.
151 2430 178 2473 in
192 2428 288 2477 occuito,
309 2436 383 2471 sent.
402 2440 456 2471 esse.
485 2429 540 2470 trois
557 2427 664 2471 locutions
680 2428 719 2484 qui
732 2426 857 2482 »spondent

87 2492 194 2547 inopium
216 2493 306 2546 fateor,
325 2491 410 2548 d'opres
437 2492 458 2533 le
485 2502 511 2530 ou
526 2490 630 2541 irauoais.
647 2489 741 2543 prendre
755 2501 812 2545 pour
814 2520 855 2541 .....

87 2562 207 2597 manuscrit
217 2556 246 2596 du
262 2553 356 2595 tuicio.
370 2554 459 2596 ossiu-
485 2552 518 2594 dit
535 2563 564 2593 en
581 2553 692 2594 mauvaisa
712 2558 769 2607 port.
781 2576 809 2585 -
823 2554 855 2599 ii.

87 2623 133 2658 tres
143 2623 229 2670 portent
246 2616 351 2668 inopiam
367 2615 456 2668 patior.
484 2612 760 2668 Sicparmatiquid.etco
770 2614 857 2659 eiu-des·

87 2681 164 2723 -1o
188 2680 342 2735 Compositue.
357 2678 457 2731 arrange,
485 2672 697 2717 susdc....Partout
710 2673 801 2718 niiiours
813 2688 856 2719 cu·

87 2740 174 2795 disposo
183 2753 234 2783 nnec
247 2747 292 2789 art;
310 2752 395 2782 comme
408 2741 458 2794 plus
482 2752 570 2797 perure
581 2751 605 2782 sa
618 2740 734 2783 troduinit
745 2752 785 2797 por
797 2755 804 2783 z
816 2740 855 2785 di·

87 2803 127 2845 has
136 2815 142 2845 z
150 2803 199 2846 Non
207 2807 263 2847 eunt
271 2802 397 2858 composita
407 2816 457 2846 meo
484 2814 565 2858 passer,
572 2802 626 2845 mais
634 2802 661 2845 ici
670 2814 696 2845 oa
703 2803 854 2848 sonitoontcs

88 2864 165 2907 uerbo.
184 2868 257 2909 -11.
278 2866 365 2909 Ducere
388 2865 412 2907 in
415 2896 455 2913 .....
484 2866 503 2907 lc
521 2877 579 2907 sens.
597 2888 625 2897 -
646 2864 680 2908 ts.
703 2864 770 2909 fouet
785 2878 865 2906 couno.

88 2928 182 2971 traicere
200 2926 226 2971 in
228 2958 267 2978 .....
283 2928 411 2972 verterem
414 2961 455 2981 .....
484 2940 542 2984 pour
564 2926 589 2971 iu
609 2926 722 2977 ueneno.
739 2936 802 2980 psus
826 2925 882 2964 tm
