1904 3216
316 230 350 280 EX
368 229 436 278 LlVll
452 227 539 277 rinno
556 227 633 277 xiil.
813 230 860 280 1Ἱὸ

88 347 148 397 tries.
160 345 211 389 bien
220 346 265 389 loiu
273 345 321 388 d'en
330 345 393 394 inire,
406 343 433 386 ils
440 342 500 386 n'ont
506 344 603 399 rependo
613 357 654 387 aux
664 345 856 401 sommalionsque

90 408 179 465 pardos
189 407 287 458 insultes,
302 414 324 450 et
333 405 466 448 maudisseni
475 406 545 448 meme
560 419 638 449 encore
651 418 707 449 ceux
719 407 758 461 qui
770 406 801 448 les
817 412 856 450 ont

92 470 165 515 liures.
175 469 276 519 -Qu‘ils
285 467 361 510 ailleni
376 480 400 510 se
415 466 512 522 plaiudro
527 467 540 509 i
555 466 666 520 Carthago.
680 466 784 522 Syracuse
797 467 854 511 aare

90 530 214 588 depouillee
224 543 280 586 pour
289 529 417 573 l'ornemenl
429 528 456 572 da
471 529 545 581 liciae,
560 529 619 584 quia
631 528 708 572 exerce
723 541 762 571 sur
776 529 819 572 elle
833 530 854 572 lo

90 595 149 638 droit
160 591 214 636 dela
228 603 314 647 guerre.
326 589 370 640 Quo
380 590 400 633 le
410 589 471 633 siunt
485 603 512 634 ne
523 590 649 633 rclroirlisse
665 602 704 645 pus
718 589 739 632 la
752 589 798 632 zela
812 591 851 634 des

89 651 220 709 generama
231 652 294 694 venir
302 663 329 694 en
339 649 512 706 disapprouvaul
520 649 641 694 ilorcellua.

121 755 295 812 laneantimo,
306 754 397 818 iuquit,
404 758 525 805 uicorum
532 754 734 817 lrisrespondeam
741 769 748 801 c
756 753 856 816 quanm

89 841 120 877 ea
129 825 267 877 conditione
278 838 324 887 pro
334 824 408 881 vobs,
418 823 503 873 Patres
511 822 653 886 consorini,
662 824 725 873 bella
736 822 855 885 gerimus,

90 903 121 947 ut
133 896 210 946 victos
225 894 302 944 armis
317 899 470 943 accusatores
483 894 623 942 habeamus.
640 893 697 942 Duae
714 900 789 956 capiae
809 893 857 944 lroc

90 981 158 1016 anno
172 963 347 1028 u1·bes,(iapua
360 964 473 1014 ruivium
483 977 563 1019 reum,
575 963 716 1013 llarcellum
728 965 852 1025 Syracusae

89 1039 205 1089 habeant.

111 1140 206 1181 Reductia
214 1138 234 1178 iu
242 1140 317 1178 ciuium
327 1138 402 1187 legalis.
412 1142 454 1176 lum
467 1139 542 1180 consul.

118 1240 173 1289 lion
185 1240 245 1288 adeo
257 1238 400 1300 majesleiis,
412 1236 503 1301 inquit,
521 1236 605 1300 populi
623 1237 725 1286 Romani
738 1236 854 1302 imperii-

88 1324 140 1373 que
153 1309 229 1372 hujus
243 1309 336 1359 oblitus
346 1323 409 1365 sum,
426 1309 511 1357 Patres
521 1307 666 1370 Conscripti,
679 1315 713 1364 ut,
725 1308 747 1357 si
758 1307 789 1358 de
803 1323 858 1361 meo

87 1378 197 1428 crimine
205 1377 383 1440 ambigeretur,
391 1376 475 1426 consul
482 1375 857 1431 dicturnscausnmaccusanti-

88 1449 135 1496 bus
144 1446 233 1498 Grecis
242 1444 575 1511 (illacrimssednoumuid
587 1458 633 1507 ego
645 1445 756 1504 fecerim,
764 1445 790 1494 in
799 1447 855 1496 dis-

88 1518 251 1581 quisicionem
265 1516 333 1566 venit
347 1517 412 1580 lnam
429 1515 548 1578 quicquid
565 1515 592 1565 in
611 1516 723 1566 hostibus
740 1516 799 1576 leci,
810 1518 854 1580 jus

87 1587 144 1637 belli
157 1586 287 1649 delendis),
300 1599 373 1648 quam
387 1585 420 1650 (ἲ)
429 1586 489 1649 quid
502 1585 545 1634 isti
557 1585 609 1648 pati
621 1585 763 1640 debuerint.
775 1586 822 1644 Qui
832 1589 854 1637 si

88 1669 138 1705 non
150 1658 251 1705 luerunt
261 1657 351 1712 hostes,
363 1655 427 1704 nihil
435 1657 546 1712 interest,
556 1669 630 1714 nunc,
640 1669 673 1705 an
683 1655 736 1705 vivo
748 1656 853 1706 Hierone

87 1726 221 1787 Syracusas
230 1725 373 1775 violaverim
388 1742 394 1773 :
409 1725 449 1775 sin
465 1731 549 1775 aulem
561 1725 719 1775 desciverunt
734 1726 758 1791 [a
769 1726 851 1788 nobis,

87 1795 199 1845 hosiibus
212 1795 305 1846 nostris
317 1796 479 1859 aperuerunt]
493 1795 524 1859 (ὅ)
539 1803 629 1858 portas,
642 1796 740 1860 legatos
757 1804 856 1846 nostros

88 1865 237 1928 terrentque
245 1866 323 1916 arnus
335 1866 468 1929 petierunt,
483 1866 571 1916 urbem
580 1881 608 1916 ac
614 1866 706 1916 moenia
713 1868 856 1916 clauserunt

87 1934 247 1998 exercituque
259 1935 502 1998 Carthaginiensium
517 1937 635 1985 ediusus
643 1950 687 1986 nos
696 1936 771 1986 tutati
782 1944 853 1986 sunt:

89 2007 145 2069 quis
150 2019 235 2068 passos
244 2021 297 2057 esse
304 2008 413 2064 hostilio,
422 2021 499 2070 quum
509 2008 621 2067 iecerint,
629 2007 856 2068 indignaturllra-

86 2077 175 2126 denles
189 2078 277 2126 urbem
289 2078 415 2141 principes
430 2079 640 2140 Syracusanorum
651 2082 777 2127 aversatus
784 2089 852 2127 sum:

87 2146 166 2196 Sosim
178 2154 203 2197 el
218 2147 343 2197 lioericum
357 2148 500 2211 Hispanum,
509 2149 600 2210 quibus
617 2155 711 2197 tauram
725 2148 853 2199 crederem

87 2230 151 2272 rem,
164 2218 274 2280 potiores
285 2219 370 2267 habui.
387 2220 437 2267 lion
450 2219 508 2268 escis
519 2219 622 2268 extremi
636 2224 853 2281 syracusanorum,

87 2288 180 2350 quippe
190 2288 233 2350 qui
242 2288 297 2337 aliis
307 2289 475 2339 humilitatem
484 2289 614 2352 objicietis.
621 2289 678 2346 Quis
687 2291 852 2351 estveslrrim,

87 2357 131 2418 qui
139 2371 167 2406 se
179 2357 241 2406 milri
255 2366 336 2420 portas
347 2366 502 2422 aperturum.
513 2359 555 2421 qui
569 2364 675 2409 arcuatos
683 2358 776 2410 milites
786 2374 855 2412 meos

85 2426 113 2475 in
122 2428 211 2477 urbem
217 2437 377 2491 accepturum
383 2427 544 2492 promiserit?
553 2426 645 2478 Odistis
658 2433 684 2479 el
693 2430 855 2481 exsecramini

111 2567 187 2612 cxxii.
205 2570 225 2611 l.
245 2568 336 2613 Gracia.
360 2569 392 2611 0n
415 2569 458 2613 seit
483 2568 629 2612 desciuerant
642 2572 740 2624 poclm:
755 2569 808 2614 lello
823 2577 856 2616 esi

85 2632 227 2687 qu'iiyarail
236 2631 289 2673 daus
304 2643 329 2674 ce
344 2637 397 2681 mot,
407 2644 457 2686 pro·
483 2631 504 2674 la
513 2631 575 2684 lecon
584 2630 667 2674 dclous
676 2631 708 2675 les
717 2634 854 2676 munuscriis.

85 2691 156 2735 nonce
163 2704 204 2748 par
210 2705 240 2735 un
250 2693 337 2736 homme
344 2692 412 2736 deur
420 2705 456 2736 ro-
483 2691 510 2734 ll.
521 2691 628 2735 milcher
636 2704 648 2735 e
657 2692 746 2748 prome,
757 2706 785 2737 en
794 2707 854 2737 com-

86 2755 153 2804 main,
163 2765 207 2797 une
217 2755 283 2797 leinle
291 2754 318 2797 de
333 2754 421 2810 mepris.
431 2777 459 2787 -
485 2761 561 2810 purant
569 2767 593 2797 ca
603 2767 692 2810 passage
705 2767 757 2799 avec
770 2756 803 2800 les
816 2770 856 2800 au·

85 2817 106 2859 2.
123 2815 197 2867 Quom
218 2816 287 2872 quid,
301 2829 384 2859 comme
400 2818 419 2859 si
437 2817 457 2860 la
485 2823 530 2860 tres
543 2815 609 2859 recils
624 2817 655 2860 du
670 2817 743 2860 metue
756 2817 864 2871 iniimus

85 2878 164 2933 phrase
170 2879 313 2930 commencuii
320 2877 405 2933 parsed
412 2890 458 2923 noo
486 2878 520 2923 les
529 2880 626 2936 conisies
635 2886 677 2923 oni
689 2880 750 2923 onius
761 2877 801 2920 ies
815 2884 881 2917 mois

86 2952 126 2983 raa
141 2938 221 2996 quid...
237 2963 263 2972 -
282 2940 302 2986 5.
320 2940 361 2987 Sin
379 2926 461 2989 affl
490 2945 656 3004 ajouliscuiuo
674 2944 794 2988 crocuess.
805 2937 899 2990 *lewe

732 3049 780 3096 in.
