1904 3216
93 187 144 241 ,516
398 188 561 241 unitiones

20 346 24 359 ,
97 313 160 361 tum,
173 302 243 353 illam
256 302 366 352 sobolem
384 305 460 365 regiae
471 304 567 367 stirpis,
581 302 656 352 duces
672 303 766 354 vestros
775 313 869 364 regum

98 375 186 430 instar,
204 374 299 422 vinctos
316 373 405 422 habet:
423 373 472 422 nisi
484 373 546 435 quid
560 373 587 421 in
598 372 668 422 robis
684 371 746 435 lspei
761 371 808 437 est]
822 372 868 436 (9),

97 444 152 506 ipse
161 455 207 504 ego
218 441 311 502 majore
320 441 369 490 mei
381 448 453 503 parte
464 440 576 503 captivus
585 454 650 490 oum.
663 440 760 503 Eripite
771 442 870 493 viscera

63 553 64 557 ,
98 526 153 563 mea
165 527 194 561 er
211 511 337 560 vinculis:
352 511 478 562 restituite
495 511 559 561 milri
572 511 686 572 pignora,
708 525 754 574 pro
775 512 889 578 quibus·

99 582 146 644 ipsi
157 581 223 631 mori
233 594 283 630 non
294 581 426 635 recusatis,
437 586 573 644 parentem,
591 580 683 631 liberos
696 597 703 628 z
716 594 774 630 nam
785 581 871 644 eonJ‘u·

97 650 193 714 gemin
204 650 248 699 illo
259 663 358 699 carcere
369 649 455 700 amisi.
471 649 567 700 Credite
582 663 648 701 nunc
658 663 742 700 omnes
753 652 800 701 hos
814 658 870 701 ten-

99 722 157 771 dere
171 720 203 770 ad
213 733 256 769 vos
266 733 363 777 manus,
382 719 518 780 implorare
536 719 631 782 patrios
649 721 718 780 deos,
738 733 811 784 opem
826 735 871 772 ve·

98 796 186 847 stram,
198 788 403 847 misericordiam,
414 789 489 839 fidem
500 803 639 852 exposcere,
652 795 681 839 ut
694 789 869 852 compedibus,

98 866 128 910 ut
134 859 261 916 servitute,
275 864 305 908 ut
318 859 429 921 precario
446 859 513 908 rictu
525 859 592 921 ipsos
604 859 727 910 liberetis.
739 860 776 910 An
787 861 871 910 credi·

99 932 133 980 tis
143 944 215 993 aequo
229 930 311 979 animo
330 929 372 978 his
389 930 495 992 servire,
511 944 619 993 quorum
638 944 712 994 reges
730 944 784 984 esse
794 932 870 983 festi·

99 1002 187 1050 diunt?

130 1073 203 1122 Video
214 1072 339 1126 admoveri
357 1073 466 1124 hostiurn
480 1074 571 1124 aciem:
584 1075 628 1125 sed
642 1088 692 1138 quo
702 1074 806 1139 propius
815 1074 871 1126 dis·

99 1143 194 1192 crimen
207 1145 305 1201 accedo,
321 1144 368 1193 hoc
379 1143 463 1192 minus
476 1145 526 1200 his,
544 1159 599 1206 quae
617 1145 678 1201 dixi,
697 1158 799 1208 possum
813 1159 870 1196 esse

98 1220 238 1264 contentus.
256 1214 303 1262 Per
319 1227 365 1275 ego
384 1227 425 1263 vos
444 1213 492 1276 (10)
505 1215 564 1264 deos
575 1215 679 1277 patrios,
696 1221 870 1278 aeternumque

100 1283 192 1344 ignem,
209 1282 393 1345 quipraefertur
403 1282 534 1342 alteribus,
547 1283 719 1347 fulgoremque
728 1284 789 1334 solis
799 1285 870 1335 intre

99 1353 160 1402 fines
173 1353 244 1414 regni
263 1352 313 1401 rnei
324 1352 438 1410 orientis,
452 1365 498 1414 per
508 1359 628 1404 aeternem
640 1356 785 1405 memoriam
800 1355 869 1418 Cyri,

100 1423 142 1484 qui
160 1424 303 1485 ademptum
321 1423 396 1471 lledis
419 1422 543 1486 Lydisque
563 1425 698 1487 imperium
717 1425 815 1487 primus
841 1426 870 1475 in
910 1420 913 1424 ’

99 1493 224 1542 Persidem
246 1491 351 1540 intulit:
376 1491 499 1542 vindicate
515 1493 762 1544 abtrltimodedecore
775 1506 871 1545 nomen

98 1568 246 1623 gentemque
263 1560 403 1610 Persarum.
418 1563 455 1612 lte
464 1564 558 1612 alacres
574 1568 599 1611 et
618 1561 723 1624 spiritus
735 1562 814 1626 pieni,
829 1570 869 1623 ut,

99 1643 174 1692 quam
189 1630 294 1691 gloriam
312 1631 443 1692 accepistis
461 1631 622 1693 amaJ'oribus
640 1630 738 1689 vestris,
758 1632 870 1694 posteris

99 1699 254 1762 relinquatis.
278 1699 307 1747 ln
326 1700 420 1749 dextris
440 1700 530 1749 restris
549 1701 602 1762 jam
619 1700 768 1757 libertatem,
784 1714 869 1763 opem,

98 1783 167 1831 spem
178 1769 258 1818 futuri
269 1770 390 1832 temporis
401 1770 500 1832 geritis.
515 1770 610 1831 Effugit
623 1777 737 1827 mortem,
753 1771 870 1833 quisquis

99 1838 287 1900 contempserit:
301 1838 491 1887 timidissimum
501 1853 625 1902 quemque
632 1839 801 1901 consequitur.
814 1840 871 1901 lpse

39 1971 41 1976 .
98 1921 149 1956 non
165 1909 245 1971 patrio
261 1922 330 1958 more
344 1910 433 1965 solum,
446 1910 489 1958 sed
505 1910 580 1958 etiam
594 1916 623 1959 ut
639 1910 746 1974 conspici
764 1911 869 1972 possim,

98 2075 117 2117 9,
126 2074 340 2131 {Speiesllllesmots
347 2075 469 2131 (quellein-
496 2078 565 2133 obiets
574 2079 601 2122 (le
611 2091 662 2128 mon
670 2077 773 2122 affection
786 2078 807 2121 la
816 2078 870 2134 plus

98 2140 170 2180 slusa
188 2138 277 2181 trouver
293 2140 346 2181 daus
361 2137 468 2192 quelques
496 2141 607 2195 profunde.
621 2140 681 2184 «Sic
689 2139 730 2194 (dit
738 2139 765 2182 ll.
774 2139 869 2192 llaudetl

98 2202 236 2255 manuscrits)
247 2200 371 2256 expliquent
383 2199 434 2242 bien
448 2201 468 2244 le
496 2203 522 2247 tn
551 2201 629 2247 lledeo
655 2201 758 2245 Cornelii
775 2205 871 2246 noctra-

98 2274 149 2306 sens
167 2265 193 2307 de
209 2264 315 2312 nisiomo
329 2263 355 2307 in
370 2263 433 2308 volte
447 2271 469 2308 ot
497 2265 528 2308 lia
547 2262 634 2306 mulier
656 2263 754 2304 mortem
776 2264 869 2318 pueris,

98 2336 143 2367 non
159 2327 227 2382 quod.
246 2327 286 2370 Les
304 2331 361 2370 mots
378 2328 469 2371 uiscera
496 2338 551 2382 quos
562 2326 639 2367 molet·
652 2321 775 2367 trucidare
782 2327 869 2380 parat,

100 2398 150 2431 meo
159 2389 269 2444 signifient
277 2401 324 2431 mes
334 2390 427 2440 enfants,
436 2389 469 2432 les
496 2387 621 2443 deprecato
632 2397 641 2427 .·

216 2493 309 2537 Madame,
319 2492 463 2540 epargnez-les,
471 2490 567 2538 epargnez
574 2500 609 2528 vos
618 2490 745 2530 enlraillem

99 2605 214 2659 comparer
221 2601 371 2646 eneoreacelo
381 2614 411 2643 un
419 2612 468 2654 pas·
494 2599 582 2642 Persici
599 2599 639 2655 (dit
655 2598 822 2654 Quinteuurce,
840 2614 871 2646 nu

99 2666 189 2720 sogedu
205 2665 259 2707 Ilisc.
277 2662 328 2715 xil,
345 2669 395 2705 nole
410 2664 430 2706 6.
441 2685 468 2693 -
494 2661 550 2703 livre
568 2661 603 2712 lll,
620 2662 655 2703 ch.
677 2661 702 2714 'll
721 2661 779 2705 talia
798 2667 870 2708 erat:

97 2727 131 2769 10.
151 2726 195 2768 Per
212 2736 252 2779 ept-
273 2737 344 2767 voe...
364 2735 429 2778 noyez
446 2722 468 2764 le
493 2721 598 2776 primum
609 2720 680 2777 ignia,
690 2734 758 2777 quem
767 2721 816 2778 ipsi
829 2736 869 2767 aa·

97 2798 151 2839 page
161 2786 212 2833 ill.
222 2792 272 2828 note
287 2788 307 2828 l.
324 2786 355 2827 On
371 2788 467 2838 scitque
494 2794 560 2824 mum
574 2785 597 2824 et
612 2785 725 2826 eternum
743 2783 868 2837 vocabant,

92 2847 128 2889 les
137 2845 215 2890 Perses
225 2846 364 2889 adoraientle
372 2848 415 2888 len.
427 2845 467 2887 ¹llo
495 2843 613 2899 argenteio
623 2844 743 2890 ultoribus
755 2845 870 2900 masm-

83 2908 179 2956 batoille
191 2910 288 2966 d'lssus,
299 2908 356 2957 ordo
371 2907 472 2968 equinis
498 2905 577 2950 liutto·x
