1904 3216
333 226 372 277 EX
387 226 456 276 iliu
473 226 560 277 irruo
575 224 614 277 VI.
829 227 863 274 Gb

87 342 190 391 Romam
197 339 365 390 adseratum:
375 339 536 390 aestimabunt
544 340 634 397 Patres,
645 346 730 387 utrum
739 339 795 400 plus
804 343 862 387 aute
946 345 948 351 '

87 425 173 474 poeuae,
186 424 295 459 annunc
307 409 384 460 verrin
398 411 481 459 meriti
496 410 559 459 sitis.
572 409 624 457 Nou
643 409 786 472 praecipium
799 422 860 470 gra-

88 483 147 530 tiam
155 481 253 545 publici
270 480 401 530 beneficii:
415 481 563 544 deprecandi
573 487 720 543 patestatem
734 495 748 528 a
762 495 802 529 me
816 482 860 530 ha-

88 552 214 602 bueritis:
233 551 351 613 precibus
362 552 572 601 crentumrestris
587 558 697 608 senatus.
711 564 785 614 quem
794 552 861 601 vidc-

87 623 162 681 bitur,
173 622 254 672 dabit.

464 761 493 812 LI

189 890 247 952 cap.
260 887 300 937 26.
312 886 399 939 oratio
410 885 547 951 mutorum
559 885 760 936 Tuscularwrum.

109 1010 218 1061 miani
233 1011 328 1048 oratum.
346 1007 403 1059 sicuti
412 1013 502 1046 arraserit
510 1007 609 1053 camillus,
618 1008 698 1046 romum
713 1007 738 1045 ud
755 1008 860 1056 petendu

89 1056 225 1104 precamur.
235 1062 374 1092 ausimum
382 1057 410 1092 ru
418 1056 514 1098 eruunt:

115 1154 156 1197 Les
163 1152 288 1196 Tusculum
301 1161 352 1194 saus
361 1163 434 1194 umes
449 1156 487 1194 out
495 1150 598 1194 accueilli
608 1150 697 1193 l'armbe
707 1151 816 1203 romaiue,
828 1151 860 1194 les

90 1215 200 1271 generum
217 1213 317 1257 remeius
330 1213 362 1256 les
378 1218 417 1256 ont
432 1211 549 1268 bpargn6s;
568 1212 589 1255 le
599 1212 661 1255 simi
676 1212 723 1255 fera
732 1212 759 1256 dc
779 1214 861 1255 mimo.

91 1276 174 1321 Prius
191 1275 292 1327 mama,
307 1275 342 1317 s’ii
356 1274 377 1319 le
386 1273 441 1326 faut,
453 1274 481 1316 ils
495 1286 523 1317 ue
533 1286 556 1317 se
563 1273 697 1328 institerunt
706 1286 744 1330 pas
758 1273 785 1317 de
796 1274 857 1318 lours

92 1339 177 1383 fautus:
188 1338 241 1382 leur
249 1336 352 1380 conduco
360 1347 444 1392 prouve
453 1335 503 1378 leur
512 1335 616 1390 repentir.

117 1469 215 1528 Quibus
224 1467 320 1517 bellum
329 1467 455 1518 indixistis
471 1467 649 1532 intulistisque,
659 1470 742 1519 Patres
749 1469 861 1519 Conscri-

88 1539 134 1602 pti,
152 1540 222 1588 sicut
236 1535 451 1586 nuncridetisnus
462 1543 554 1587 stantes
566 1537 719 1588 investibulo
733 1539 861 1588 curiaere·

88 1616 155 1666 strae,
170 1608 207 1657 ita
222 1606 312 1657 armati
327 1608 455 1668 paratique
468 1607 565 1656 obviam
579 1607 771 1671 imperatoribus
785 1610 860 1672 legio-

88 1681 213 1741 nibusque
240 1677 328 1726 vestris
347 1677 521 1741 processimus.
543 1679 586 1728 Hic
608 1687 700 1738 noster,
719 1682 760 1732 bic
780 1681 859 1742 plebis

88 1757 180 1799 nosuae
187 1747 862 1814 habitussuit,eritquesemper·,nisisiquaudoarobis

89 1832 185 1887 proque
199 1817 269 1866 robis
281 1831 349 1866 arma
361 1818 536 1879 acceperimus.
546 1819 638 1869 Gratias
651 1824 747 1882 agimus
755 1832 780 1872 et
793 1824 860 1872 duci-

88 1893 134 1939 bus
148 1888 240 1939 restris
250 1895 275 1937 et
287 1888 446 1946 exercitibus,
457 1890 605 1951 quandoculis
619 1894 698 1952 magis
707 1907 783 1955 quam
792 1895 859 1943 auri-

88 1961 134 2011 bus
145 1959 322 2016 erediderunt;
338 1965 372 2015 et,
384 1958 428 2007 ubi
438 1959 500 2008 nihii
511 1960 601 2009 hostile
616 1970 679 2019 erat,
693 1978 723 2012 ae
745 1964 792 2024 ipsi
807 1967 861 2026 qui-

89 2032 144 2082 dem
158 2032 282 2080 iecerunt.
298 2030 385 2078 Pacem
401 2042 476 2090 quam
488 2045 532 2080 nos
544 2032 715 2093 praestitimus,
730 2047 784 2082 eam
798 2048 861 2083 avo-

88 2103 126 2152 bis
143 2100 269 2165 petimus:
286 2099 381 2149 beilum
391 2114 428 2156 eo,
439 2101 517 2150 sicubi
529 2111 575 2157 est.
587 2104 702 2152 avertatis
717 2118 858 2166 precamur.

88 2173 116 2222 ln
125 2186 172 2222 nos
185 2171 248 2234 quid
258 2184 327 2220 arma
341 2172 446 2233 polleant
460 2179 549 2229 vestra,
560 2172 581 2221 si
597 2173 711 2236 patiendo
724 2174 862 2236 experiun-

89 2244 151 2293 dum
165 2249 214 2300 est,
224 2241 333 2290 inermes
341 2245 505 2302 experiemur.
521 2242 577 2292 Haec
592 2258 662 2293 mens
671 2253 753 2293 nostra
763 2251 813 2304 est;
826 2245 862 2294 dii

88 2312 245 2363 immortales
264 2310 363 2371 saciant,
385 2318 435 2360 tam
448 2312 506 2362 felix
521 2328 598 2375 quam
616 2317 668 2376 pra!
688 2316 756 2372 Quod
772 2317 802 2364 ad
814 2331 862 2366 crr-

89 2385 156 2434 mina
164 2386 262 2440 attinet,
271 2382 430 2443 quibusmoti
440 2384 535 2433 bellum
540 2384 721 2441 indixistis‚etsi
726 2386 819 2436 revicta
827 2387 860 2451 (1)

89 2455 176 2510 rebus,
197 2453 283 2502 verbis
305 2454 515 2503 confutarentur
539 2456 640 2512 attinet;
664 2463 747 2505 tamcn
765 2458 862 2506 etiamsi

89 2539 149 2576 vcra
176 2525 236 2580 sint,
256 2521 295 2571 vei
314 2523 388 2572 fateri
404 2523 475 2573 nohis
492 2525 525 2589 (2)
537 2539 574 2583 ea,
589 2540 666 2588 quum
677 2528 863 2577 tamevideuter

89 2593 243 2659 paenituerit,
254 2597 334 2641 tutum
345 2606 483 2643 censemus.
498 2595 613 2644 Peceetur
625 2596 651 2644 iu
661 2612 712 2657 ros,
724 2599 784 2647 dum
793 2599 860 2662 digai

89 2665 145 2716 sitis
158 2663 251 2725 quibus
265 2663 299 2712 ita
313 2663 425 2712 satisfiat.

117 2792 465 2848 U.1.Recicta‚pcurrefutata.
493 2792 540 2835 —2
549 2791 616 2837 Nobis
630 2792 714 2849 dipersi
731 2795 758 2839 dc
775 2798 859 2841 tutum.
