1904 3216
85 125 134 171 ³100
393 123 552 174 entitatos

418 254 526 304 txxtttt

41 363 43 367 '
87 360 146 422 Cap.
167 359 190 408 8.
206 361 292 411 Oratio
306 362 350 425 Sp.
374 360 503 416 Postumii,
521 359 564 423 qai
579 358 624 407 sub
637 359 736 422 juqutn,
756 359 853 415 consui,

151 430 240 480 missua
257 437 327 487 crat,
339 431 536 496 incenatu.(ibi
548 430 587 485 R,
606 429 651 476 318
666 443 703 476 av.
719 428 793 492 aa.)

111 532 257 580 spoponderant
266 535 290 572 ad
300 533 393 572 caudium
402 534 497 572 consules.
512 532 579 614 Ieffiati,
590 536 705 580 quaestores.
716 531 791 582 tribuni
801 531 856 569 mili-

87 575 858 670 ttotitibutt¹tbtot⁰tttbittt¹bittit{instititutis

86 674 130 750 affl
137 665 292 748 &offitslssuadet
300 672 324 705 ut
332 675 436 712 sponsores
444 675 516 706 omnes,
527 670 588 713 atque
598 664 640 711 ipse
649 665 670 701 in
678 663 754 710 primis,
761 630 858 702 ganniti-

117 804 242 848 Postumius
250 813 284 849 est
291 806 464 862 responsablede
472 806 547 850 l'issue
555 807 583 850 de
590 807 611 848 la
621 818 717 861 guerre:
733 806 748 848 il
759 818 786 848 ne
799 813 859 849 tente

89 879 130 923 pas
139 868 210 911 meme
219 880 264 911 une
272 880 351 911 excuse
360 869 399 924 qui
408 869 475 911 serait
483 869 555 920 facile,
565 869 621 911 mais
638 869 653 911 il
662 869 724 911 ment
734 879 832 923 prouver
840 868 859 910 si

91 928 145 973 c’est
154 929 265 973 lui-meme
284 942 313 973 ou
322 930 411 974 I'armee
423 931 476 987 qu'it
490 943 502 974 a
515 931 583 974 voulu
596 943 682 974 suuver.
700 953 725 962 -
740 928 769 972 Le
779 930 860 986 peuple

91 991 179 1036 romain
189 991 245 1035 n’est
259 992 319 1047 point
328 991 358 1035 lto
372 1007 378 1035 ε
393 992 447 1048 qu'iI
460 993 515 1036 livre
529 1005 570 1035 aux
584 992 692 1036 Samnites
708 992 729 1035 Ie
747 991 861 1035 consulet

87 1053 192 1113 uoeuxqui
200 1059 238 1096 ont
246 1052 309 1107 signi
318 1052 339 1096 Ie
349 1053 425 1105 traite;
434 1066 478 1109 que
488 1054 521 1097 Ies
530 1054 595 1097 dieux
613 1058 727 1109 acceptent
745 1065 770 1096 ce
789 1052 858 1094 sacri·

93 1113 143 1157 tice.

123 1209 192 1259 Haud
202 1223 258 1259 sum
267 1209 378 1272 ignarus,
390 1211 514 1266 Consules,
529 1210 682 1273 ignominiae,
695 1223 744 1258 non
754 1208 858 1257 honoris

91 1293 166 1332 caiisa
175 1293 216 1328 me
229 1279 336 1341 primum
349 1280 524 1344 excitatumttt
538 1280 686 1343 jussumque
701 1278 794 1335 dicere,
811 1291 861 1326 non

93 1358 212 1412 tanquam
223 1357 372 1408 senatorem,
394 1351 437 1401 sed
451 1358 567 1414 tanquam
586 1363 667 1410 reum,
687 1363 736 1411 qua
759 1347 862 1396 iniebcis

92 1422 164 1479 belli,
175 1435 225 1486 qua
235 1422 409 1484 ignominiosae
420 1422 493 1486 pacis.
504 1423 553 1485 Ego
566 1429 656 1480 tamen,
672 1421 770 1484 quando
781 1433 862 1482 neque

94 1493 126 1543 de
137 1505 200 1541 noxa
212 1499 298 1540 nostra
307 1505 387 1554 neque
397 1494 427 1542 de
436 1506 506 1555 poena
517 1492 648 1547 retulistis,
664 1492 755 1540 omissa
771 1490 861 1551 defen-

4 1588 7 1595 ν
94 1563 175 1620 sione,
187 1575 243 1624 quae
251 1565 300 1610 non
311 1562 457 1612 ditticiltima
471 1572 536 1613 esset
547 1562 612 1625 apud
623 1562 690 1610 haud
701 1562 801 1623 ignaros
813 1560 863 1610 ton

93 1643 213 1683 cunarum
227 1633 393 1681 humanarum
419 1635 653 1693 necessitatumque,
669 1630 818 1680 sententiam
831 1630 863 1679 de

92 1714 134 1760 eo,
144 1701 175 1750 de
187 1713 237 1764 quo
248 1701 368 1750 retulistis
377 1703 463 1764 paucis
472 1715 587 1764 peragam
602 1700 649 1763 (i),
667 1714 721 1762 quae
741 1698 864 1749 sententia

94 1770 166 1821 testIs
181 1770 243 1829 erit,
262 1771 356 1820 mihine
374 1786 405 1820 an
426 1773 567 1833 legionibus
589 1771 677 1820 vestris
697 1769 862 1833 pepercerim,

92 1855 173 1904 quum
187 1855 226 1890 me
239 1855 283 1890 seu
293 1840 360 1903 turpi
383 1856 427 1891 seu
442 1843 579 1892 necessaria
590 1841 721 1905 sponsione
730 1839 861 1890 obstrinxi.

94 1912 149 1969 Qua
157 1917 251 1968 tamen,
261 1914 358 1974 quanm
369 1912 467 1974 injussu
477 1912 561 1976 populi
570 1913 635 1962 iacta
642 1918 687 1969 est,
702 1925 752 1961 non
765 1917 865 1961 tenetur

95 1981 204 2044 populus
217 1980 351 2038 Romanum
367 1994 413 2030 nec
431 1982 569 2043 quitquam
584 1996 615 2030 ex
637 1994 674 2035 ea.
697 1987 865 2044 preterquam

97 2064 201 2114 corpora
215 2056 306 2108 nostra,
322 2051 443 2100 debentur
455 2052 615 2102 Samnitibus.
634 2053 758 2101 Dedamur
775 2055 865 2115 perte·

97 2120 169 2170 tiaies
179 2121 240 2170 nudi
251 2120 376 2184 vinctique
392 2123 531 2172 exolvamus
547 2124 666 2185 religione
696 2125 829 2186 populum,
845 2123 864 2172 si

96 2205 147 2253 qua
163 2191 380 2253 obligavimusme
391 2193 539 2252 quiddivini
557 2195 687 2243 humanive
701 2195 789 2249 obstet,
806 2207 867 2256 quo·

98 2260 285 2321 minusjustum
297 2260 417 2323 piumque
430 2262 461 2310 de
473 2263 787 2323 integroineaturbeltum.
799 2264 867 2313 Inte-

99 2344 142 2380 rea
156 2332 270 2379 consutes
283 2331 420 2380 exercitum
431 2332 548 2389 scribere,
568 2347 673 2392 armare,
689 2334 796 2383 educere
809 2333 867 2396 pla·

99 2405 150 2456 cet;
162 2412 208 2447 nec
219 2399 289 2461 prius
301 2399 400 2461 iugredi
414 2401 525 2451 hostium
536 2403 608 2460 fines,
618 2419 694 2467 quam
705 2403 788 2452 omnia
797 2403 867 2464 justa

100 2469 128 2519 in
140 2468 290 2519 deditionem
300 2475 411 2520 nostram
422 2472 530 2532 perfecta
544 2479 620 2523 erunt
634 2475 677 2538 (5).
695 2474 747 2531 tos,
762 2474 801 2523 dii
815 2472 864 2522 im·

126 2587 231 2633 tumn.
266 2593 287 2634 1.
329 2592 471 2645 Recitaturus,
500 2594 680 2642 Indidits'cuem
693 2601 798 2641 nostram
814 2609 869 2654 pera·

101 2651 169 2694 invite
178 2651 191 2692 a
200 2663 236 2693 me
245 2650 312 2694 lever.
328 2650 386 2696 Pom·
398 2655 472 2710 parler
497 2659 560 2713 secto
576 2661 653 2703 amnt.
669 2658 808 2703 «Pulchrum
821 2668 868 2705 emt

100 2713 157 2756 dans
166 2713 188 2756 le
196 2713 287 2765 senatui
297 2713 366 2757 Iaitait
381 2729 404 2758 se
414 2717 473 2760 tenir
498 2716 609 2763 Postumio
626 2733 650 2764 sa
663 2720 769 2764 devoverat
782 2734 788 2763 τ
805 2728 868 2777 tttrpe

102 2773 191 2817 debout.
202 2797 229 2805 -
243 2773 264 2817 2.
281 2773 410 2830 Peraeam
423 2789 471 2833 roy.
499 2781 593 2830 senatui,
606 2782 744 2836 sponsionem
761 2781 847 2825 tallere.

22 2861 27 2867 .
66 2842 70 2849 ·
91 2834 116 2871 le
130 2841 186 2875 note
202 2834 235 2876 du
259 2833 315 2876 ittae.
338 2835 389 2881 tm.
407 2860 435 2872 -
450 2837 472 2882 b.
500 2843 563 2900 (itote
572 2841 601 2886 de
610 2843 639 2887 tt.
649 2843 756 2897 auctet)
