1904 3216
115 217 160 268 lla
417 215 577 268 oaltlollas

112 330 246 396 judicabat.
258 329 367 387 Vidistis,
379 327 565 392 commilitones,
581 329 684 379 notabili
696 334 840 392 tempestate
851 331 884 394 (6)

114 403 190 454 etiam
201 401 260 450 deos
271 400 403 450 infaustam
411 401 567 464 adoptionem
577 406 717 451 aversantes
726 417 732 447 ε
741 400 808 449 idem
816 414 886 453 sena-

64 525 67 532 *
114 476 163 529 tiis,
171 472 238 521 idem
249 471 335 535 populi
343 472 445 520 Romani
453 472 551 522 animus
558 478 602 521 est.
614 471 699 520 Vestra
705 471 786 521 virtus
796 484 886 538 exspe-

113 550 203 599 ctatur,
218 543 282 605 apud
292 556 353 604 quos
362 556 436 592 omne
448 543 558 592 honestis
568 542 679 593 consiliis
690 543 777 600 robur,
792 548 819 592 et
830 544 886 595 sine

114 615 206 677 quihus
214 613 327 677 quamvis
338 614 438 676 egregia
447 614 553 662 invalida
560 610 629 662 suntss
640 613 691 662 llon
701 613 732 662 ad
738 612 834 662 bellum
841 627 887 664 vos

113 698 158 734 uec
165 684 195 733 ad
205 683 343 745 periculum
353 695 412 731 voco
422 699 427 728 :
439 683 552 731 omnium
560 681 669 731 militum
677 681 885 732 armanohiscum

112 762 184 811 sunt3
197 767 243 803 nec
258 767 307 802 una
319 754 407 802 cohors
421 759 503 814 togato
517 751 549 816 (ll
566 752 677 802 defendit
687 765 754 801 nune
771 751 884 804 Galbam.

111 826 155 874 sed
163 824 280 874 detinet:
294 837 372 886 quum
384 838 427 872 vos
440 823 572 886 aspexerit,
588 836 667 887 quum
678 822 778 885 signum
798 837 885 873 meum

112 895 244 957 acceperit,
258 895 306 952 hoc
326 894 405 942 solum
420 895 468 943 erit
487 900 621 950 certamen,
641 893 698 955 quis
719 893 783 943 mihi
798 894 884 956 pluri·

112 979 181 1013 mum
198 965 303 1028 imputet
320 964 361 1027 (8).
379 965 465 1013 llullus
480 963 644 1013 cunctationis
661 965 727 1013 locus
745 969 782 1013 est
803 964 833 1014 in
853 977 886 1014 eo

111 1034 221 1102 consilio,
231 1035 298 1097 quod
312 1048 361 1084 non
372 1040 451 1096 potest
463 1034 561 1084 laudari
572 1033 622 1082 nisi
632 1040 768 1096 peractum.

470 1266 523 1317 xlv

59 1404 60 1408 ’
140 1409 194 1470 up.
211 1407 241 1456 so
255 1413 281 1456 u
295 1407 333 1456 aa.
346 1407 431 1459 oram
443 1387 554 1468 ouum,
574 1409 685 1459 mettium
700 1406 851 1458 scalconem

412 1479 571 1543 cnsliqantis.

131 1610 198 1648 Pisone
210 1614 229 1648 et
250 1610 309 1660 Galba
324 1609 438 1656 interiectis,
454 1611 504 1649 ollio
520 1610 622 1660 imperium
638 1611 746 1657 invaseram
765 1610 800 1649 sed
814 1612 883 1651 vitel-

108 1655 154 1704 lius,
163 1665 174 1690 a
183 1656 301 1693 Germanicia
317 1654 425 1699 legionibus
437 1657 543 1704 imperator
552 1657 689 1699 consalutatus,
704 1666 748 1695 cum
758 1654 878 1702 ingentibus

108 1698 171 1747 copiis
189 1699 310 1750 adventabat.
328 1700 412 1742 iuterim.
432 1711 492 1748 quum
514 1699 565 1738 tonte
586 1701 685 1737 asinando
704 1701 792 1738 cohortis
816 1701 877 1739 unius

108 1753 166 1782 causa
182 1743 231 1780 Otho
250 1744 355 1791 incipiente
376 1749 441 1787 nocte,
460 1745 547 1782 vehicula
565 1745 662 1782 oneranda
680 1749 746 1792 apel-lo
763 1753 878 1783 armamen-

107 1788 161 1838 tario·
169 1787 263 1834 jusserat,
279 1788 300 1824 in
312 1788 441 1836 suspicionem
454 1790 506 1826 venit
521 1788 617 1826 militibus
627 1788 711 1825 familias
728 1796 844 1839 senatorum
856 1789 878 1826 in

107 1832 211 1879 perniciem
220 1832 300 1876 Othonis
310 1833 387 1874 aeman.
402 1843 424 1870 ac
438 1832 505 1872 subito
514 1834 633 1871 tumultuosa
651 1836 765 1878 congregata
775 1833 879 1880 palatium

108 1879 184 1923 petunt,
200 1879 289 1914 senatum
302 1877 415 1915 uuiversum
424 1878 450 1914 ad
468 1878 542 1915 caedem
557 1877 673 1925 deposcunt.
690 1877 739 1915 ollio
750 1876 845 1924 precihus
854 1889 879 1916 ac

106 2009 127 2052 6.
145 2010 248 2053 Notabili
267 2012 425 2066 tempestate...
446 2010 477 2052 On
504 2010 576 2064 image
596 2010 622 2053 de
636 2009 756 2052 l'ancienne
772 2018 882 2057 coutume

106 2072 384 2126 reliranvecplalsiriciles
393 2072 477 2126 paroles
505 2073 543 2124 qui
556 2085 583 2114 ne
600 2072 724 2127 permettait
741 2071 753 2113 d
766 2084 880 2127 personne

106 2134 133 2177 de
143 2133 215 2176 Tacite
231 2146 270 2175 sur
278 2132 437 2187 cettejournee
446 2133 476 2176 du
504 2132 571 2175 d'dtre
589 2146 617 2176 eu
635 2145 707 2176 armes
724 2145 754 2175 ou
768 2145 796 2176 en
815 2134 881 2180 habit

105 2198 133 2240 10
137 2198 224 2252 J'anvier
234 2197 276 2252 (ch.
294 2196 344 2250 llll:
363 2195 476 2247 Quartum
504 2195 607 2236 militoire
614 2195 667 2237 dans
676 2193 776 2246 laomen
784 2196 880 2241 cohorte

105 2257 478 2313 iduslanuariaasoedumimbri-
504 2255 622 2311 quilaisait
639 2258 659 2298 la
676 2256 743 2310 garde
761 2268 791 2298 au
807 2258 880 2313 palais

106 2320 147 2363 bus
158 2321 218 2363 diem
230 2321 336 2365 tonitrua
346 2324 369 2363 et
377 2320 476 2374 sulpura
503 2316 555 2358 e‘tait
562 2318 625 2360 velue
635 2318 661 2359 de
672 2316 691 2358 la
702 2322 751 2369 loge
761 2322 783 2358 et
793 2330 839 2362 non
846 2319 879 2363 du

105 2385 128 2424 et
146 2382 246 2425 coelestes
257 2383 326 2425 minae
342 2382 407 2424 ultra
421 2381 476 2423 soll·
502 2391 613 2433 sapum.»
628 2379 741 2432 Barnous.
754 2401 780 2408 -
790 2378 811 2421 8.
829 2381 879 2424 lm·

105 2442 475 2485 tnmturboverant.0bservetatm
502 2444 587 2496 putore
596 2440 670 2483 alicui
682 2440 787 2494 aliquid,
799 2449 879 2496 portel·

104 2504 130 2546 id
145 2504 278 2560 antiquitus
294 2504 394 2546 comitiis
414 2503 474 2546 diri·
502 2516 530 2545 au
551 2508 635 2556 compte
654 2504 681 2545 de
698 2501 830 2556 quelqu'un‚
852 2518 878 2549 se

26 2614 30 2621 ι
104 2565 193 2607 mendis
210 2577 256 2608 non
275 2565 361 2607 terruit
378 2564 474 2607 Galbam
501 2563 569 2618 prend
584 2564 611 2605 ici
626 2576 654 2606 en
669 2563 740 2605 bonne
758 2569 825 2616 part:
847 2567 878 2610 ils

61 2638 63 2643 ’
104 2626 226 2680 quominus
237 2626 262 2668 t'n
271 2629 350 2668 castro
356 2629 472 2681 perperet,
501 2625 655 2668 rivaliseaoutd
662 2626 699 2680 qui
708 2630 785 2666 mettra
794 2625 815 2667 le
824 2626 878 2683 plus

104 2690 282 2743 contemptorem
291 2686 375 2730 talium
390 2690 416 2729 ut
425 2689 474 2742 sor·
501 2686 566 2729 sua-le
573 2694 658 2740 compte
665 2687 703 2741 qui
713 2686 744 2728 lui
754 2692 787 2728 est
795 2699 878 2734 ouvert

104 2750 219 2792 mitorum
229 2763 236 2799 ,·
246 2763 285 2791 seu
296 2762 345 2804 quae
357 2752 407 2804 sato
423 2763 474 2792 ma·
501 2750 552 2792 elaea
572 2749 624 2796 moi,
641 2747 781 2798 c'est-a-dire,
802 2749 815 2791 d
834 2755 876 2806 qun·

102 2812 166 2862 ment,
194 2811 300 2866 qatamuis
325 2810 470 2864 sipnistcato,
499 2813 620 2865 s'ncqueaaa
639 2810 659 2852 le
675 2810 723 2864 plus
741 2809 768 2852 de
778 2810 877 2857 titresa

94 2885 143 2916 non
162 2871 281 2917 vitantur.
301 2896 327 2905 -
349 2873 369 2916 l.
389 2874 472 2917 Cohors
501 2871 875 2929 mareconnaissance‚aquijade·

83 2937 179 2994 locata.
200 2938 288 2986 «Poua
300 2952 424 2986 consumes
433 2951 479 2984 une
507 2934 652 2989 uanilaplus.
