1904 3216
20 179 23 183 ’
92 187 139 235 550
396 183 559 235 nutriunt-:s

93 301 417 364 attulitpraeterlihcrtatem
424 301 628 364 pudicitiamque,
636 305 661 348 et
668 299 770 351 cumhis
776 301 866 349 secun·

93 371 205 431 litatem,
222 372 356 434 quantavel
369 374 396 421 in
409 373 455 421 diti
468 373 541 422 domo
549 372 608 420 satis
621 378 694 421 essct.
706 371 751 421 Ser
762 372 808 427 iiiii
820 384 866 420 uo-

92 440 142 498 bis,
156 441 277 491 duaeflliae
288 448 348 492 sunt
362 458 369 489 ι
381 448 493 503 utraque
507 443 557 503 iam
568 448 662 503 nupta.
675 440 731 491 Filii
746 447 864 504 quattuor

44 568 48 576 ⁵
92 515 164 571 togas
177 511 264 561 viriles
276 513 379 568 hahent,
392 513 441 561 duo
450 513 588 574 praetextati
596 520 663 561 sunt.
678 512 747 562 iiiios
758 526 816 562 sum
825 515 864 560 ia·

92 586 156 638 ctus.
164 580 191 629 Ρ.
202 580 318 644 Sulpicio,
327 582 352 630 G.
363 581 464 631 Aurelio
471 581 614 632 consulibus
626 581 670 647 (i).
680 582 707 631 ln
715 596 744 632 co
754 581 863 633 exercitu

93 651 716 716 quiiniiacedouiamesttrausportatus,biem1ium
725 651 864 714 milesgre·

93 719 583 785 gariustuiadversusPhiiippumregem
594 722 685 771 :tertio
693 721 867 772 annorirtutis

93 803 167 841 causa
180 790 243 839 mihi
255 791 280 839 Τ.
294 791 424 848 Quinctius
436 792 589 841 Flamininus
603 792 738 841 decumum
750 792 865 842 ordinem

92 860 219 910 hastatum
231 862 365 923 assignavit
382 863 423 928 (ὅ).
439 863 538 913 Devicta
552 861 666 925 Philippo
679 861 866 913 Macedonibus-

93 944 153 994 que,
165 945 244 993 quum
259 932 287 981 in
296 931 391 982 Italiam
404 932 525 996 reportati
534 946 562 982 ac
571 932 667 982 dimissi
677 945 794 990 essemus,
805 947 865 982 con-

93 1002 166 1052 tinuo
188 1002 260 1053 miles
280 1003 437 1053 voluntarius
449 1016 507 1052 cum
523 1002 554 1052 ti.
570 1001 657 1052 Porcio
673 1003 774 1052 consule
787 1002 821 1068 (4)
837 1004 865 1053 in

94 1071 238 1136 Hispaniam
249 1087 306 1123 suna
319 1075 453 1136 proiectus.
470 1073 597 1123 Neminem
609 1071 722 1121 omnium
731 1072 866 1133 imperato·

93 1156 161 1202 rum,
173 1143 217 1206 qui
225 1143 317 1200 vivant,
328 1145 449 1193 acriorem
457 1141 561 1193 virtutis
571 1149 735 1205 spectatorem
748 1142 780 1204 (5)
795 1143 867 1205 acja-

94 1213 175 1264 dicem
189 1214 267 1264 fuisse
278 1215 370 1274 sciunt,
382 1215 455 1277 quiet
463 1214 535 1264 ilium
547 1219 573 1262 et
581 1213 643 1263 alios
652 1214 727 1263 duces
738 1214 865 1275 longami-

94 1283 150 1334 litia
157 1285 253 1348 experti
261 1292 328 1334 sunt.
337 1285 381 1333 ilic
394 1299 433 1333 me
447 1284 580 1346 imperator
587 1282 820 1347 dignumjudicavit
826 1283 868 1335 cui

43 1392 47 1397 .
79 1354 205 1421 «nmmum
215 1356 340 1404 hastatum
352 1355 386 1418 (h)
406 1351 620 1415 prioriscenturiae
630 1354 866 1416 assignaretiertio

95 1422 188 1478 {imm
197 1425 351 1474 voluntarius
369 1423 436 1472 milas
449 1426 529 1474 iactus
543 1439 599 1474 sum
609 1425 641 1474 in
653 1425 866 1483 mexercitum,

95 1495 139 1556 qui
153 1493 272 1544 ediusus
285 1495 374 1545 AEtolos
394 1503 419 1544 et
439 1495 587 1546 Antiochum
601 1508 689 1554 regem
708 1501 746 1544 est
763 1496 867 1544 missus.

96 1564 202 1612 hiianio
210 1562 288 1613 Acilio
298 1565 362 1613 mihi
370 1564 466 1626 primus
476 1565 592 1628 princeps
603 1565 696 1627 prioris
702 1565 820 1614 centuriae
829 1566 836 1626 (
840 1565 864 1627 'it

96 1639 133 1683 cst
148 1634 298 1695 assignatus.
313 1630 418 1696 Expulso
430 1649 488 1698 rege
506 1635 634 1693 Antiocho,
649 1634 756 1685 subactis
771 1634 865 1694 AEtolis

95 1704 217 1766 reportati
227 1718 313 1754 sumus
328 1705 355 1753 in
371 1704 483 1754 iniiam:
497 1712 522 1755 et
533 1705 649 1768 deinceps
657 1705 705 1766 his,
723 1719 867 1768 waeannua

95 1775 226 1825 merchant
235 1776 354 1837 legiones.
362 1777 549 1839 stipendiaicci.
558 1777 601 1826 Bis
610 1777 701 1826 deinde
713 1777 740 1826 in
752 1777 865 1839 Hispania

95 1845 208 1903 militavi.
222 1847 298 1895 semel
310 1847 337 1903 Q.
350 1847 434 1896 Fulvio
447 1846 539 1905 Flacco,
553 1845 647 1896 iterum
657 1846 707 1895 Tib.
720 1847 869 1910 Sempronio

97 1915 204 1967 Graccho
219 1918 364 1980 praetorui
380 1917 465 1966 flacco
480 1918 546 1967 iuter
561 1923 666 1974 ceteros,
680 1928 742 1979 quos
764 1919 866 1968 virtutis

96 2001 170 2038 causa
180 2003 264 2038 secum
279 2003 308 2037 er
321 1989 447 2049 provincia
460 1989 491 2037 ad
502 1990 659 2051 triumphum
668 1988 813 2047 deducebat,
821 1989 868 2038 de·

96 2059 185 2107 ductas
199 2072 262 2106 sum.
282 2058 362 2107 siin.
378 2057 484 2107 Graccho
499 2064 609 2120 rogatus,
624 2058 650 2106 in
665 2059 817 2120 provinciam
836 2059 864 2108 ii.

97 2128 189 2189 Quatcr
201 2128 267 2177 intra
280 2142 370 2189 paucos
380 2142 456 2178 annos
466 2128 577 2190 primum
588 2127 668 2190 pilum
681 2127 740 2179 duxi
754 2144 761 2178 ε
780 2137 866 2191 quator

96 2205 122 2248 et
133 2199 216 2247 tricies
228 2198 330 2246 virtutis
339 2211 412 2247 causa
425 2199 529 2247 donatus
545 2197 576 2247 ab
589 2197 867 2260 inperator-innisum:

20 2269 22 2275 ’
96 2282 138 2318 sex
151 2268 239 2318 civicas
250 2281 354 2318 coronas
366 2268 461 2331 accepi.
478 2267 571 2330 Viginti
587 2267 636 2318 duo
648 2268 773 2331 stipendia
784 2283 867 2319 annua

94 2403 205 2462 nequem
225 2427 250 2437 -
267 2404 289 2448 2.
309 2403 335 2447 P.
352 2403 466 2458 Sulpicio,
493 2402 549 2446 daus
563 2400 676 2445 Cornelius
691 2400 770 2455 nepos,
784 2400 866 2452 Gotom

96 2469 122 2512 C.
142 2466 238 2510 Aurelio
257 2464 400 2516 consulibua,
423 2463 467 2506 i'an
493 2464 529 2506 ch.
541 2463 597 2508 2.-
607 2463 629 2506 5.
643 2462 774 2518 Spectator,
786 2461 866 2505 obser-

94 2527 135 2574 uti
151 2529 178 2571 dc
198 2527 273 2578 Roma,
296 2527 338 2570 200
354 2538 388 2568 av.
410 2525 465 2568 J.-C.
493 2524 762 2580 vateur‚estquetquatots
769 2534 866 2579 presque

94 2613 122 2626 -·
132 2592 152 2635 5.
166 2591 291 2632 Decumum
305 2586 412 2631 ordinem
426 2585 467 2628 ho·
493 2584 734 2642 synonymedejudcc.
744 2583 802 2627 -6.
811 2581 865 2625 rra·-

95 2650 184 2696 tioinm
192 2647 467 2703 maianovitmeiitccn-
493 2661 557 2691 mum
575 2648 703 2697 hastatum,
722 2644 799 2689 c.·i·d.
814 2645 866 2700 pri·

96 2713 170 2756 turion
177 2712 208 2754 dn
217 2711 311 2753 dixieme
319 2709 376 2753 ordo
385 2710 465 2752 anata-
493 2722 556 2753 mnm
568 2709 700 2752 centuriam
707 2709 865 2759 hastatorum,

96 2784 181 2817 torum.
199 2792 227 2803 -
243 2772 264 2814 i.
276 2771 303 2814 ii.
314 2769 398 2814 Porcio
412 2782 467 2812 con·
493 2772 509 2815 il
516 2771 560 2814 l'en
568 2771 592 2814 ht
599 2771 785 2815 centurion-7.
795 2768 866 2812 Prin·

94 2833 153 2884 aale‚
166 2833 232 2875 Coton
256 2831 359 2882 l'hncicn,
371 2831 414 2873 l'an
426 2832 465 2874 557
493 2844 545 2887 cepa
551 2831 643 2887 prioris
649 2831 770 2882 centuriae,
778 2831 799 2873 le
808 2842 864 2885 tang

95 2895 124 2940 da
137 2895 212 2950 Rome,
229 2893 269 2938 195
284 2906 318 2936 av.
340 2892 394 2936 iac.
414 2892 465 2948 Vox.
494 2892 520 2935 de
532 2891 640 2936 centurio
647 2891 732 2947 prime
749 2889 866 2933 centuria
