1904 3216
93 216 140 264 tul
396 217 558 266 Ottnt'tun'u‘s

93 331 156 374 venir
167 330 281 373 d'iltlienes
290 331 323 373 lut
330 330 458 386 dc'truitpar
465 332 485 374 le
491 343 565 373 revers
578 330 654 386 essuye
664 344 690 373 en
699 332 763 374 Sicile
772 349 777 383 ;
786 333 835 386 puis
843 333 864 375 le

93 398 139 435 sort
150 391 176 433 de
185 391 281 444 Regulus
290 392 371 433 n'est-il
386 405 424 446 pas
434 405 475 434 nne
486 392 562 444 lecou?
571 414 598 422 -
609 391 653 440 Que
668 393 753 447 Scipion
763 407 790 436 ne
806 408 865 437 com-

94 467 145 509 pare
158 466 196 508 pas
211 452 231 494 ln
242 465 322 506 guerre
335 453 387 495 luite
397 466 424 494 en
434 454 530 507 Espopne
540 467 592 495 avec
601 453 622 496 la
636 467 716 509 guerre
729 468 756 497 en
767 456 863 509 Afrique,

94 515 123 558 ou
132 527 159 557 ne
167 514 285 568 s'oiirepas
293 527 323 556 un
331 514 378 557 seul
392 516 465 569 appui.
478 514 590 569 L’lllrique
600 517 683 558 entiere
694 517 715 558 le
723 529 859 571 repoussera

94 581 117 618 et
129 573 234 629 Carthage
243 585 335 616 euteria
348 575 456 627 peut-etro
468 573 495 615 de
507 574 620 617 nouvelles
630 575 715 617 armees
724 576 777 618 dans
788 575 861 618 l'ltalin

94 635 172 679 laissee
188 648 239 678 sans
251 634 347 678 de'iense.
365 658 392 666 —
406 634 462 677 G'est
478 648 505 677 en
525 635 586 679 ltalie
602 636 673 691 qu’est
689 637 709 679 le
727 637 788 691 foyer
803 637 860 682 dela

93 709 188 754 guerre:
199 702 271 739 tontes
281 696 314 738 les
324 695 395 738 forces
405 696 493 739 doivent
507 711 520 752 p
530 699 576 739 etre
586 699 727 742 conceutrees
737 712 793 754 pour
805 700 861 742 c'cra,

94 773 131 803 ser
141 757 308 807 Hannibalem
319 757 406 813 Scipion
422 759 482 800 imite
497 771 536 800 sou
549 759 609 813 pere,
623 761 661 814 qui
676 761 746 803 revint
760 761 862 804 attendis

93 821 160 864 Rome
169 821 222 863 dans
229 818 313 861 l’ltalie.
327 819 355 861 La
370 819 443 862 stirete
457 818 485 862 de
495 809 558 862 l'Etat
566 831 594 862 ue
608 820 653 863 doit
662 834 700 876 pas
710 823 756 864 etrc
766 823 863 867 sacrifiea

94 895 135 924 aux
144 880 205 925 ideas
214 881 241 924 de
250 879 320 936 gleire
332 879 386 923 d’un
394 880 491 937 general.

125 997 179 1048 Scio
198 996 284 1045 multis
301 997 412 1046 restrum
430 997 515 1053 videri,
539 997 623 1046 Patres
644 998 791 1059 Conscripti,
809 1013 864 1048 rem

93 1075 170 1118 actem
179 1067 299 1116 hodierno
308 1067 349 1116 die
359 1067 409 1126 aei,
420 1075 446 1116 et
458 1069 552 1116 trustra
562 1067 707 1116 habiturum
718 1069 861 1127 orationem,

93 1137 137 1200 qui
150 1144 268 1199 tanquam
279 1137 310 1185 de
326 1136 471 1198 integrare,
485 1137 516 1185 de
528 1138 607 1185 Africa
626 1138 749 1197 provincia
762 1148 863 1186 senten·

93 1208 258 1260 tiamdixerit.
268 1208 316 1268 Ego
325 1213 407 1256 autem
417 1208 526 1269 primum
533 1207 591 1255 illud
599 1207 697 1268 ignoro,
705 1210 864 1268 quemadmo-

93 1281 154 1329 dum
164 1278 285 1338 certaiam
292 1277 416 1338 provincia
424 1277 619 1326 Africaconsnlis
627 1277 674 1325 viri
681 1277 752 1325 fortis
762 1293 788 1326 ac
798 1287 863 1327 stre-

93 1351 269 1412 nuisit‚quam
280 1361 325 1396 nec
334 1348 572 1396 senatusoensuitin
583 1348 649 1395 liunc
656 1362 750 1396 annum
761 1350 862 1409 provin-

93 1421 157 1469 ciam
173 1434 234 1475 esse,
247 1433 291 1467 nec
308 1419 414 1480 populus
426 1418 518 1478 jussit:
532 1417 621 1465 deimle
645 1417 665 1464 si
679 1424 723 1473 est,
736 1421 862 1470 consulem

92 1504 195 1551 peccare
200 1488 315 1542 arbitror,
323 1488 410 1548 quido
416 1501 444 1535 re
454 1494 573 1535 transacta
581 1486 719 1535 simulando
727 1493 859 1550 seret'erre,

92 1566 207 1608 senatum
222 1558 423 1624 ludibrioliabet,
441 1570 491 1604 non
509 1562 648 1604 senatorem
662 1558 743 1612 modo,
763 1559 815 1618 qui,
831 1562 862 1608 de

93 1644 144 1692 quo
154 1627 302 1686 consulitur,
310 1625 354 1676 suo
369 1626 421 1675 loco
430 1627 491 1675 dicit
502 1626 657 1675 sententiam.
667 1631 744 1687 Atque
752 1641 796 1686 ego
807 1642 862 1677 ccr-

93 1701 147 1744 tum
157 1694 243 1751 haheo,
257 1694 413 1743 dissentienti
423 1694 485 1742 milii
499 1696 530 1742 ab
539 1695 585 1742 ista
597 1694 751 1741 festinatione
764 1695 788 1740 in
801 1697 863 1743 Airi-

93 1779 146 1814 cam
161 1765 310 1827 trajiciendi,
328 1765 437 1813 duarum
452 1778 537 1813 rerum
554 1763 708 1812 subeundam
723 1765 862 1824 opinionem

93 1850 161 1886 esse:
175 1837 254 1890 unius,
265 1834 456 1895 insitacingenio
471 1848 524 1882 meo
534 1833 704 1888 cunctationis,
717 1848 790 1895 qnam
808 1850 862 1884 me-

91 1913 147 1955 tum
161 1905 340 1968 pigritiamque
354 1904 468 1952 homines
480 1905 645 1952 adolescentes
660 1918 717 1952 sane
729 1907 861 1966 appellent,

93 1976 152 2024 dum
162 1974 401 2037 nepoeniteat,adhuc
409 1973 514 2021 aliorum
521 1973 669 2034 speciosiora
675 1974 863 2036 pr·imoaspectu

92 2046 196 2094 consilia
206 2057 304 2105 semper
314 2043 373 2099 visa,
388 2055 442 2091 mea
457 2057 505 2090 usu
520 2043 638 2091 meliora:
651 2044 760 2099 atterius,
776 2047 862 2093 ohtrc-

93 2116 208 2165 ctationis
220 2120 294 2176 atque
302 2114 401 2162 inviliae
413 2112 530 2161 adversus
542 2119 695 2161 crescentem
708 2113 733 2160 in
750 2115 802 2164 dics
813 2117 863 2176 glo-

93 2187 156 2234 riam
168 2185 291 2233 lortissimi
301 2183 418 2232 consulis.
434 2183 452 2230 Α
468 2196 516 2243 qua
533 2182 681 2243 suspicione,
698 2183 719 2230 si
731 2197 770 2230 me
782 2198 862 2246 neque

92 2258 143 2305 vita
157 2263 209 2306 acta
223 2262 248 2304 et
265 2269 348 2303 mores
364 2254 422 2311 mei,
439 2266 520 2316 neque
536 2253 660 2302 dictatura
677 2268 734 2303 cum
751 2256 862 2316 quinque

93 2327 271 2384 consulatibus,
278 2332 425 2384 tantumque
432 2324 518 2385 gloriae
528 2323 586 2372 belli
595 2325 714 2386 domique
725 2332 799 2384 pnrtae
809 2327 863 2373 vin-

92 2398 166 2453 dicat,
175 2405 202 2446 ut
208 2397 307 2459 propius
315 2395 502 2456 l'astidiuch'us
511 2396 558 2443 sim
571 2394 802 2456 quamdesiderium
814 2394 860 2459 til:

92 2475 151 2517 actas
161 2470 247 2517 saltem
255 2467 352 2516 liberet.
363 2466 421 2522 Quae
428 2466 494 2513 enim
502 2467 562 2513 milii
572 2467 698 2514 aemulatio
705 2480 759 2513 cnm
770 2480 799 2512 eo
809 2479 861 2514 essi

92 2544 180 2600 potest,
191 2537 234 2599 qui
251 2550 283 2584 ne
298 2536 347 2584 tilio
360 2535 463 2597 quidem
471 2547 526 2582 meo
538 2535 642 2596 aequalis
653 2537 699 2582 sit?
710 2535 745 2581 lle
757 2535 860 2582 dictato-

92 2622 154 2665 rcm,
167 2621 244 2668 quum
255 2607 366 2667 vigerem
378 2606 458 2654 aunnc
469 2605 573 2662 virilius,
583 2613 607 2653 ct
616 2605 642 2653 in
653 2619 727 2653 cursu
741 2605 857 2653 maxima.

92 2693 149 2729 runi
163 2692 250 2727 rerum
261 2691 348 2733 essem,
361 2682 518 2725 recusantem
533 2690 606 2724 nemo
620 2683 663 2724 aut
677 2676 702 2723 in
717 2682 801 2723 senatu
819 2685 860 2728 aut

116 2819 217 2864 CXXXlV.
228 2821 248 2862 1.
261 2819 287 2862 Ut
302 2817 401 2873 propius
416 2817 465 2871 sus·
492 2816 546 2871 pior
556 2816 600 2859 si'm
609 2816 705 2870 fastidio
714 2817 763 2870 ejus
773 2818 861 2871 ploriae,

94 2882 179 2926 ctutum
191 2881 240 2935 ejus
251 2880 303 2929 sim,
318 2891 388 2933 quom
405 2877 465 2920 ‹teci-
492 2891 562 2933 quom
574 2878 697 2927 desiderio,
712 2890 741 2919 ou
754 2882 781 2920 ut
795 2880 862 2922 ittam

83 2944 185 2993 derium,
202 2941 350 2991 c'cst-ct-clire,
371 2942 397 2983 att
410 2952 466 2996 pro-
492 2940 594 2996 ploriom
629 2941 751 2994 festidium
780 2943 865 2994 atrocis,
