1904 3216
136 163 184 214 sta
441 165 600 218 ouillolls

136 279 258 329 naturalis
269 292 357 329 eorum
366 292 422 342 quae
432 280 609 342 excogitaveris
623 295 708 333 amor:
722 297 782 333 nam
793 285 823 335 in
834 292 863 336 te
874 301 920 339 su-

137 350 224 414 perbia
235 364 286 399 non
297 350 371 400 cadit.
385 351 503 412 Expcitus
515 365 541 400 es
552 366 763 416 unumquemque,
776 357 847 418 quod
858 357 919 422 ipso

139 421 272 482 repererit,
286 426 328 470 aut
340 421 419 469 solum
427 426 471 470 aut
481 421 603 483 optimum
614 423 713 473 ducere.
721 424 838 487 llagnum
848 441 919 480 onus

140 491 250 540 sustines
262 492 350 554 capite,
363 491 461 552 regium
469 492 633 554 insigne3hoc
643 495 822 546 autmodcrate
830 501 919 560 perfe-

136 561 242 610 rendum
256 567 302 618 est,
315 567 367 618 aut,
378 562 445 624 quod
454 562 583 612 abominor
592 564 633 626 (i),
643 564 703 615 inte
712 572 778 615 ruet.
790 568 916 630 Consilio,

134 646 186 699 ¹non
196 633 299 694 impetu.
314 646 377 695 opus
388 637 433 681 est.

159 756 236 806 adjecit
246 753 325 796 deinde.
336 753 389 802 quod
399 751 451 802 apud
461 752 575 791 Bactrianos
584 753 642 801 vulgo
652 752 781 802 usurpabant.

169 839 258 889 Canem
269 835 387 884 timidum
398 833 570 883 vehementius
580 832 672 882 latrare
686 845 764 894 quam
771 835 918 902 ,mordere3

139 907 256 959 altissima
269 917 375 968 quaeque
385 904 491 954 flumina
505 903 612 952 minimo
621 915 682 952 sono
695 902 755 954 labi.

91 985 94 991 Ι
107 1021 111 1030 ·
159 1002 233 1042 ilisubi
243 1001 364 1039 audientium
371 1001 445 1038 animos
453 1000 601 1052 exspectatione
609 997 747 1047 suspenderat,
752 1001 860 1040 eonsilium
867 1013 917 1054 «ρο.

138 1050 163 1086 rit
172 1057 236 1092 suum,
245 1047 313 1084 utilius
320 1047 381 1083 Besso
392 1053 452 1092 quam
461 1048 547 1091 gratius.

166 1138 194 1188 ln
205 1136 336 1191 vestibulo,
350 1133 441 1199 inquit,
454 1133 531 1195 regiae
546 1139 595 1183 tuae
608 1132 782 1184 velocissimus
793 1136 915 1188 consistit

63 1236 73 1256 .
134 1223 190 1259 rex:
203 1215 259 1258 ante
270 1207 313 1257 ille
330 1219 428 1267 agmen,
440 1217 515 1267 quam
528 1210 557 1253 tu
574 1216 687 1254 mensam
701 1208 774 1254 istam
785 1209 912 1260 movebis.

135 1283 204 1329 Nunc
215 1281 246 1329 ab
257 1277 331 1327 lanei
338 1277 478 1326 exercitum
490 1289 613 1328 accerses.
624 1278 650 1323 et
660 1273 737 1323 ermis
747 1273 856 1326 flumina
868 1290 913 1340 op·

134 1365 221 1413 pones.
236 1350 336 1399 Scilicet
350 1362 399 1410 qua
422 1353 449 1395 tu
471 1346 598 1409 fugiturus
618 1358 655 1401 οε,
673 1344 753 1394 hostis
770 1346 846 1407 sequi
860 1360 911 1398 non

133 1421 235 1481 potest?
250 1421 301 1469 lter
313 1420 414 1480 utrique
426 1429 558 1467 commune
573 1421 619 1473 est,
632 1414 722 1465 victori
736 1412 833 1473 tutius;
850 1416 911 1468 licet
938 1458 942 1463 .

133 1497 262 1538 strenuum
274 1494 367 1536 metum
379 1495 452 1548 putes
461 1500 527 1542 esse,
547 1485 656 1536 velocior
673 1491 757 1536 umen
773 1497 833 1548 spes
855 1493 907 1540 est.

131 1554 195 1612 Quin
206 1552 334 1601 validioris
346 1565 450 1614 occupas
460 1551 575 1614 gratiam,
587 1551 705 1614 dedisque
715 1550 756 1601 tei
764 1557 906 1618 utcumque

131 1621 242 1679 cesserit,
256 1621 384 1670 meliorem
395 1621 519 1670 fortunam
531 1621 637 1679 deditus,
646 1635 722 1684 quam
727 1621 816 1680 hostis,
830 1624 906 1675 hahi-

131 1701 213 1743 turus.
221 1692 334 1741 Alienum
345 1690 422 1740 hahes
430 1704 537 1753 regnum
545 1709 551 1739 ε
560 1693 712 1755 quolaoilius
721 1705 749 1742 eo
758 1706 856 1743 careas.
865 1695 905 1745 ln-

130 1763 209 1826 cipies
220 1761 325 1810 forsitan
334 1761 416 1823 justus
428 1775 482 1810 esse
489 1775 539 1819 rer,
549 1776 627 1823 quum
633 1763 686 1825 ipse
695 1762 791 1819 iecerit,
799 1763 846 1826 qui
856 1762 904 1814 tihi

131 1843 155 1884 et
167 1835 226 1883 dare
238 1838 439 1895 potestregnum
447 1839 470 1880 et
483 1831 730 1894 eripereconsilium
738 1831 814 1882 hahes
819 1833 903 1892 fidele,

131 1904 198 1968 quod
210 1903 304 1953 diutius
315 1902 416 1964 exsequi
429 1902 460 1964 (5)
472 1916 651 1964 supervacuum
662 1911 707 1952 est.
716 1903 809 1954 llobilis
820 1919 905 1970 equus

131 1977 219 2025 umbra
231 1986 328 2037 quoque
339 1972 416 2034 virgae
424 1971 533 2033 rogitur;
545 1973 647 2036 ignavus
657 1986 689 2022 ne
698 1972 788 2023 calceri
799 1975 905 2038 quidem

131 2045 251 2096 concitari
262 2049 350 2107 potest.

133 2202 187 2243 deus
197 2199 218 2242 le
233 2199 331 2254 premier
339 2198 445 2241 membre.
462 2197 503 2242 Ob·
530 2198 636 2253 quelques
645 2197 738 2240 editions
752 2196 848 2252 reperde
867 2198 905 2242 de·

131 2263 179 2304 stoi
192 2263 266 2302 metus
283 2259 352 2301 forme
369 2271 411 2301 une
426 2258 503 2312 phrase
530 2260 579 2313 puis
589 2259 709 2314 longtemps
717 2269 758 2314 per
764 2257 905 2303 Freinsheim

132 2319 456 2376 complete,inrtopendauta;ce
464 2320 503 2374 qui
530 2327 552 2363 et
580 2321 697 2374 Gronove.)
724 2343 752 2353 ·-
788 2322 810 2367 2.
838 2321 906 2376 Quod

134 2384 177 2427 suit
185 2382 317 2436 nesertqu'd
328 2381 503 2431 l'dtcndre‚com-
530 2382 652 2426 abominor
668 2381 752 2437 repond
776 2382 789 2426 a
809 2394 838 2427 ee
860 2397 905 2441 que

133 2458 168 2487 me
178 2457 206 2487 on
216 2442 283 2486 dirait
292 2456 300 2485 :
310 2443 337 2485 Le
347 2443 430 2485 crainte
438 2454 504 2485 eveu-
530 2443 907 2502 nousesprimoneeuJourd'huipsr

133 2505 411 2560 gle;cliezd'autresc'est
425 2504 445 2546 la
458 2505 504 2545 vio·
531 2502 563 2546 les
590 2510 646 2546 mots
664 2515 670 2545 :
687 2515 712 2547 oe
734 2504 785 2560 qu'd
803 2502 859 2550 llieu
877 2519 906 2550 ne

133 2569 195 2610 leuca
206 2568 235 2610 du
245 2566 316 2618 (lesu,
326 2573 366 2609 eto,
384 2568 431 2615 llos
449 2567 503 2610 Con-
531 2564 605 2619 ploise.
616 2588 643 2597 -
659 2566 679 2609 5.
699 2566 806 2622 Exsequi.
825 2577 904 2613 s.·ent.

137 2629 212 2671 ciones
228 2635 313 2682 portent
330 2640 416 2677 encore,
428 2628 502 2669 obstat
532 2625 615 2677 verbis,
629 2638 685 2680 pour
698 2629 819 2685 persequi,
837 2642 907 2687 espo-

134 2689 191 2733 clic‘s
210 2693 296 2740 noetus,
314 2689 458 2733 iucxactitude
476 2689 503 2732 de
531 2700 594 2732 scere.
