<?xml version="1.0" encoding="UTF-8"?>
<!DOCTYPE html PUBLIC "-//W3C//DTD XHTML 1.0 Transitional//EN"
    "http://www.w3.org/TR/xhtml1/DTD/xhtml1-transitional.dtd">
<html xmlns="http://www.w3.org/1999/xhtml" xml:lang="en" lang="en">
 <head>
  <title>
</title>
<meta http-equiv="Content-Type" content="text/html;charset=utf-8" />
  <meta name='ocr-system' content='tesseract 3.04.00' />
  <meta name='ocr-capabilities' content='ocr_page ocr_carea ocr_par ocr_line ocrx_word'/>
</head>
<body>
  <div class='ocr_page' id='page_1' title='image "./concionessiveor00unkngoog_0379.png"; bbox 0 0 1904 3216; ppageno 0'>
   <div class='ocr_carea' id='block_1_1' title="bbox 109 155 577 207">
    <p class='ocr_par' dir='ltr' id='par_1_1' title="bbox 109 155 577 207">
     <span class='ocr_line' id='line_1_1' title="bbox 109 155 577 207; baseline 0.004 -2"><span class='ocrx_word' id='word_1_1' title='bbox 109 155 156 206; x_wconf 74' lang='lat'><strong>582</strong></span> <span class='ocrx_word' id='word_1_2' title='bbox 413 155 577 207; x_wconf 78' lang='lat' dir='ltr'><strong>oulltoltus</strong></span> 
     </span>
    </p>
   </div>
   <div class='ocr_carea' id='block_1_2' title="bbox 49 272 884 1110">
    <p class='ocr_par' dir='ltr' id='par_1_2' title="bbox 108 272 884 395">
     <span class='ocr_line' id='line_1_2' title="bbox 110 272 884 338; baseline 0.004 -15"><span class='ocrx_word' id='word_1_3' title='bbox 110 272 390 335; x_wconf 75' lang='lat' dir='ltr'><strong>aerarium,pr0v1nctae‚</strong></span> <span class='ocrx_word' id='word_1_4' title='bbox 408 285 481 334; x_wconf 86' lang='lat' dir='ltr'><strong>reges</strong></span> <span class='ocrx_word' id='word_1_5' title='bbox 498 285 574 333; x_wconf 90' lang='lat' dir='ltr'><strong>penes</strong></span> <span class='ocrx_word' id='word_1_6' title='bbox 587 286 676 331; x_wconf 89' lang='lat' dir='ltr'><strong>unum,</strong></span> <span class='ocrx_word' id='word_1_7' title='bbox 692 272 800 338; x_wconf 87' lang='lat' dir='ltr'><strong>denique</strong></span> <span class='ocrx_word' id='word_1_8' title='bbox 817 288 884 326; x_wconf 81' lang='lat' dir='ltr'><strong>ueou</strong></span> 
     </span>
     <span class='ocr_line' id='line_1_3' title="bbox 108 341 883 395; baseline 0 -1"><span class='ocrx_word' id='word_1_9' title='bbox 108 343 200 394; x_wconf 78' lang='lat' dir='ltr'><strong>citium</strong></span> <span class='ocrx_word' id='word_1_10' title='bbox 215 348 240 392; x_wconf 87' lang='lat' dir='ltr'><strong>et</strong></span> <span class='ocrx_word' id='word_1_11' title='bbox 250 343 308 391; x_wconf 84' lang='lat' dir='ltr'><strong>vitae</strong></span> <span class='ocrx_word' id='word_1_12' title='bbox 320 341 429 391; x_wconf 87' lang='lat' dir='ltr'><strong>licentia.</strong></span> <span class='ocrx_word' id='word_1_13' title='bbox 443 341 522 389; x_wconf 92' lang='lat' dir='ltr'><strong>Simul</strong></span> <span class='ocrx_word' id='word_1_14' title='bbox 537 342 658 392; x_wconf 86' lang='lat' dir='ltr'><strong>humanas</strong></span> <span class='ocrx_word' id='word_1_15' title='bbox 679 344 771 395; x_wconf 88' lang='lat' dir='ltr'><strong>hostias</strong></span> <span class='ocrx_word' id='word_1_16' title='bbox 784 345 883 394; x_wconf 81' lang='lat' dir='ltr'><strong>vidistis</strong></span> 
     </span>
    </p>

    <p class='ocr_par' dir='ltr' id='par_1_3' title="bbox 110 411 883 478">
     <span class='ocr_line' id='line_1_4' title="bbox 110 411 883 478; baseline 0.003 -14"><span class='ocrx_word' id='word_1_17' title='bbox 110 424 134 464; x_wconf 89' lang='lat' dir='ltr'><strong>et</strong></span> <span class='ocrx_word' id='word_1_18' title='bbox 147 414 277 476; x_wconf 89' lang='lat' dir='ltr'><strong>sepulchra</strong></span> <span class='ocrx_word' id='word_1_19' title='bbox 292 413 382 462; x_wconf 86' lang='lat' dir='ltr'><strong>inlecta</strong></span> <span class='ocrx_word' id='word_1_20' title='bbox 395 411 516 472; x_wconf 78' lang='lat' dir='ltr'><strong>sanguina</strong></span> <span class='ocrx_word' id='word_1_21' title='bbox 532 412 599 461; x_wconf 83' lang='lat' dir='ltr'><strong>cirili</strong></span> <span class='ocrx_word' id='word_1_22' title='bbox 607 413 665 478; x_wconf 78' lang='lat' dir='ltr'><strong>(lli).</strong></span> <span class='ocrx_word' id='word_1_23' title='bbox 675 413 747 464; x_wconf 78' lang='lat' dir='ltr'><strong>Estne</strong></span> <span class='ocrx_word' id='word_1_24' title='bbox 754 415 816 464; x_wconf 81' lang='lat' dir='ltr'><strong>viris</strong></span> <span class='ocrx_word' id='word_1_25' title='bbox 825 416 883 466; x_wconf 89' lang='lat' dir='ltr'><strong>reli·</strong></span> 
     </span>
    </p>

    <p class='ocr_par' dir='ltr' id='par_1_4' title="bbox 49 481 883 756">
     <span class='ocr_line' id='line_1_5' title="bbox 108 481 883 548; baseline 0.001 -13"><span class='ocrx_word' id='word_1_26' title='bbox 108 487 153 548; x_wconf 90' lang='lat' dir='ltr'><strong>qui</strong></span> <span class='ocrx_word' id='word_1_27' title='bbox 165 484 232 534; x_wconf 90' lang='lat' dir='ltr'><strong>aliud</strong></span> <span class='ocrx_word' id='word_1_28' title='bbox 246 498 320 546; x_wconf 90' lang='lat' dir='ltr'><strong>quam</strong></span> <span class='ocrx_word' id='word_1_29' title='bbox 330 484 425 533; x_wconf 82' lang='lat' dir='ltr'><strong>solvere</strong></span> <span class='ocrx_word' id='word_1_30' title='bbox 435 481 554 543; x_wconf 87' lang='lat' dir='ltr'><strong>injuriam</strong></span> <span class='ocrx_word' id='word_1_31' title='bbox 561 490 604 530; x_wconf 89' lang='lat' dir='ltr'><strong>aut</strong></span> <span class='ocrx_word' id='word_1_32' title='bbox 611 483 675 532; x_wconf 92' lang='lat' dir='ltr'><strong>mori</strong></span> <span class='ocrx_word' id='word_1_33' title='bbox 685 498 730 546; x_wconf 89' lang='lat' dir='ltr'><strong>per</strong></span> <span class='ocrx_word' id='word_1_34' title='bbox 738 485 860 536; x_wconf 77' lang='lat' dir='ltr'><strong>virtutem</strong></span> <span class='ocrx_word' id='word_1_35' title='bbox 870 488 883 536; x_wconf 90' lang='lat' dir='ltr'><strong>‘l</strong></span> 
     </span>
     <span class='ocr_line' id='line_1_6' title="bbox 107 553 881 618; baseline 0.001 -13"><span class='ocrx_word' id='word_1_36' title='bbox 107 555 226 618; x_wconf 87' lang='lat' dir='ltr'><strong>quoniam</strong></span> <span class='ocrx_word' id='word_1_37' title='bbox 239 555 339 617; x_wconf 85' lang='lat' dir='ltr'><strong>quidem</strong></span> <span class='ocrx_word' id='word_1_38' title='bbox 348 567 427 603; x_wconf 88' lang='lat' dir='ltr'><strong>unum</strong></span> <span class='ocrx_word' id='word_1_39' title='bbox 438 553 555 601; x_wconf 89' lang='lat' dir='ltr'><strong>omnibus</strong></span> <span class='ocrx_word' id='word_1_40' title='bbox 566 553 642 602; x_wconf 85' lang='lat' dir='ltr'><strong>finem</strong></span> <span class='ocrx_word' id='word_1_41' title='bbox 656 560 747 604; x_wconf 84' lang='lat' dir='ltr'><strong>natura</strong></span> <span class='ocrx_word' id='word_1_42' title='bbox 760 555 799 604; x_wconf 87' lang='lat' dir='ltr'><strong>vel</strong></span> <span class='ocrx_word' id='word_1_43' title='bbox 813 557 881 606; x_wconf 78' lang='lat' dir='ltr'><strong>ferro</strong></span> 
     </span>
     <span class='ocr_line' id='line_1_7' title="bbox 88 621 881 688; baseline 0.003 -15"><span class='ocrx_word' id='word_1_44' title='bbox 88 658 96 673; x_wconf 85' lang='lat'>.</span> <span class='ocrx_word' id='word_1_45' title='bbox 108 626 185 688; x_wconf 87' lang='lat' dir='ltr'><strong>septis</strong></span> <span class='ocrx_word' id='word_1_46' title='bbox 199 625 285 674; x_wconf 83' lang='lat' dir='ltr'><strong>statuit</strong></span> <span class='ocrx_word' id='word_1_47' title='bbox 297 623 357 687; x_wconf 74' lang='lat' dir='ltr'><strong>(lt),</strong></span> <span class='ocrx_word' id='word_1_48' title='bbox 371 621 593 685; x_wconf 84' lang='lat' dir='ltr'><strong>nequequisquam</strong></span> <span class='ocrx_word' id='word_1_49' title='bbox 607 629 742 673; x_wconf 78' lang='lat' dir='ltr'><strong>extremam</strong></span> <span class='ocrx_word' id='word_1_50' title='bbox 751 625 881 676; x_wconf 79' lang='lat' dir='ltr'><strong>necessitu-</strong></span> 
     </span>
     <span class='ocr_line' id='line_1_8' title="bbox 49 693 772 756; baseline 0.001 -14"><span class='ocrx_word' id='word_1_51' title='bbox 49 736 52 742; x_wconf 90' lang='lat'><em>.</em></span> <span class='ocrx_word' id='word_1_52' title='bbox 108 703 159 745; x_wconf 87' lang='lat' dir='ltr'><strong>tom</strong></span> <span class='ocrx_word' id='word_1_53' title='bbox 168 696 231 745; x_wconf 88' lang='lat' dir='ltr'>nihil</span> <span class='ocrx_word' id='word_1_54' title='bbox 245 709 319 745; x_wconf 93' lang='lat' dir='ltr'><strong>ausus</strong></span> <span class='ocrx_word' id='word_1_55' title='bbox 333 694 382 743; x_wconf 88' lang='lat' dir='ltr'><strong>uisi</strong></span> <span class='ocrx_word' id='word_1_56' title='bbox 397 693 515 742; x_wconf 81' lang='lat' dir='ltr'>muliebri</span> <span class='ocrx_word' id='word_1_57' title='bbox 530 693 630 755; x_wconf 85' lang='lat' dir='ltr'><strong>ingenio</strong></span> <span class='ocrx_word' id='word_1_58' title='bbox 640 703 772 756; x_wconf 81' lang='lat' dir='ltr'><strong>exspectat.</strong></span> 
     </span>
    </p>

    <p class='ocr_par' dir='ltr' id='par_1_5' title="bbox 106 761 881 1110">
     <span class='ocr_line' id='line_1_9' title="bbox 139 761 881 826; baseline 0.005 -14"><span class='ocrx_word' id='word_1_59' title='bbox 139 766 227 814; x_wconf 84' lang='lat' dir='ltr'><strong>lterum</strong></span> <span class='ocrx_word' id='word_1_60' title='bbox 240 777 286 826; x_wconf 85' lang='lat' dir='ltr'><strong>ego</strong></span> <span class='ocrx_word' id='word_1_61' title='bbox 298 763 437 822; x_wconf 87' lang='lat' dir='ltr'><strong>seditiosus,</strong></span> <span class='ocrx_word' id='word_1_62' title='bbox 449 762 485 810; x_wconf 92' lang='lat' dir='ltr'><strong>uti</strong></span> <span class='ocrx_word' id='word_1_63' title='bbox 496 761 562 810; x_wconf 84' lang='lat' dir='ltr'><strong>Sulla</strong></span> <span class='ocrx_word' id='word_1_64' title='bbox 573 764 615 818; x_wconf 88' lang='lat' dir='ltr'><strong>ait,</strong></span> <span class='ocrx_word' id='word_1_65' title='bbox 630 763 672 824; x_wconf 88' lang='lat' dir='ltr'><strong>qui</strong></span> <span class='ocrx_word' id='word_1_66' title='bbox 684 763 881 824; x_wconf 80' lang='lat' dir='ltr'><strong>praemiaturba·</strong></span> 
     </span>
     <span class='ocr_line' id='line_1_10' title="bbox 107 832 880 898; baseline 0.001 -12"><span class='ocrx_word' id='word_1_67' title='bbox 107 851 166 886; x_wconf 82' lang='lat' dir='ltr'><strong>rum</strong></span> <span class='ocrx_word' id='word_1_68' title='bbox 177 849 277 898; x_wconf 84' lang='lat' dir='ltr'><strong>queror,</strong></span> <span class='ocrx_word' id='word_1_69' title='bbox 293 840 319 884; x_wconf 90' lang='lat' dir='ltr'><strong>et</strong></span> <span class='ocrx_word' id='word_1_70' title='bbox 331 833 423 882; x_wconf 90' lang='lat' dir='ltr'><strong>bellum</strong></span> <span class='ocrx_word' id='word_1_71' title='bbox 441 832 550 893; x_wconf 90' lang='lat' dir='ltr'><strong>cupiens,</strong></span> <span class='ocrx_word' id='word_1_72' title='bbox 567 833 610 893; x_wconf 89' lang='lat' dir='ltr'><strong>qui</strong></span> <span class='ocrx_word' id='word_1_73' title='bbox 628 832 687 893; x_wconf 86' lang='lat' dir='ltr'><strong>jura</strong></span> <span class='ocrx_word' id='word_1_74' title='bbox 701 835 768 896; x_wconf 85' lang='lat' dir='ltr'>pacis</span> <span class='ocrx_word' id='word_1_75' title='bbox 784 843 880 897; x_wconf 78' lang='lat' dir='ltr'><strong>repeto.</strong></span> 
     </span>
     <span class='ocr_line' id='line_1_11' title="bbox 109 902 880 968; baseline 0.001 -13"><span class='ocrx_word' id='word_1_76' title='bbox 109 907 216 963; x_wconf 83' lang='lat' dir='ltr'><strong>Scilicet,</strong></span> <span class='ocrx_word' id='word_1_77' title='bbox 234 904 353 967; x_wconf 87' lang='lat' dir='ltr'><strong>quianon</strong></span> <span class='ocrx_word' id='word_1_78' title='bbox 374 902 446 952; x_wconf 90' lang='lat' dir='ltr'><strong>aliter</strong></span> <span class='ocrx_word' id='word_1_79' title='bbox 457 902 520 951; x_wconf 77' lang='lat' dir='ltr'><strong>salvi</strong></span> <span class='ocrx_word' id='word_1_80' title='bbox 538 904 647 965; x_wconf 86' lang='lat' dir='ltr'><strong>satisque</strong></span> <span class='ocrx_word' id='word_1_81' title='bbox 667 905 714 951; x_wconf 88' lang='lat' dir='ltr'><strong>tuti</strong></span> <span class='ocrx_word' id='word_1_82' title='bbox 728 905 755 953; x_wconf 87' lang='lat' dir='ltr'><strong>in</strong></span> <span class='ocrx_word' id='word_1_83' title='bbox 772 904 880 968; x_wconf 85' lang='lat' dir='ltr'><strong>imperio</strong></span> 
     </span>
     <span class='ocr_line' id='line_1_12' title="bbox 108 972 881 1035; baseline 0.001 -10"><span class='ocrx_word' id='word_1_84' title='bbox 108 978 187 1034; x_wconf 83' lang='lat' dir='ltr'><strong>eritis,</strong></span> <span class='ocrx_word' id='word_1_85' title='bbox 199 975 248 1025; x_wconf 90' lang='lat' dir='ltr'><strong>nisi</strong></span> <span class='ocrx_word' id='word_1_86' title='bbox 260 974 355 1025; x_wconf 82' lang='lat' dir='ltr'><strong>Vettius</strong></span> <span class='ocrx_word' id='word_1_87' title='bbox 364 974 451 1023; x_wconf 87' lang='lat' dir='ltr'><strong>Picens</strong></span> <span class='ocrx_word' id='word_1_88' title='bbox 467 972 515 1035; x_wconf 74' lang='grc'><strong>118)</strong></span> <span class='ocrx_word' id='word_1_89' title='bbox 527 981 551 1020; x_wconf 88' lang='lat' dir='ltr'><strong>et</strong></span> <span class='ocrx_word' id='word_1_90' title='bbox 564 974 647 1022; x_wconf 88' lang='lat' dir='ltr'><strong>scriba</strong></span> <span class='ocrx_word' id='word_1_91' title='bbox 660 974 789 1025; x_wconf 86' lang='lat' dir='ltr'><strong>Cornelius</strong></span> <span class='ocrx_word' id='word_1_92' title='bbox 801 976 881 1026; x_wconf 83' lang='lat' dir='ltr'><strong>aliena</strong></span> 
     </span>
     <span class='ocr_line' id='line_1_13' title="bbox 106 1044 881 1110; baseline -0.001 -12"><span class='ocrx_word' id='word_1_93' title='bbox 106 1049 170 1098; x_wconf 85' lang='lat' dir='ltr'><strong>bene</strong></span> <span class='ocrx_word' id='word_1_94' title='bbox 186 1052 271 1110; x_wconf 82' lang='lat' dir='ltr'><strong>parata</strong></span> <span class='ocrx_word' id='word_1_95' title='bbox 284 1045 455 1109; x_wconf 83' lang='lat' dir='ltr'><strong>prodegerint;</strong></span> <span class='ocrx_word' id='word_1_96' title='bbox 471 1044 519 1092; x_wconf 86' lang='lat' dir='ltr'><strong>nisi</strong></span> <span class='ocrx_word' id='word_1_97' title='bbox 533 1045 702 1105; x_wconf 86' lang='lat' dir='ltr'><strong>approbaritis</strong></span> <span class='ocrx_word' id='word_1_98' title='bbox 718 1059 804 1095; x_wconf 87' lang='lat' dir='ltr'><strong>omnes</strong></span> <span class='ocrx_word' id='word_1_99' title='bbox 817 1061 881 1110; x_wconf 88' lang='lat' dir='ltr'><strong>pro-</strong></span> 
     </span>
    </p>
   </div>
   <div class='ocr_carea' id='block_1_3' title="bbox 18 1113 880 1179">
    <p class='ocr_par' dir='ltr' id='par_1_6' title="bbox 18 1113 880 1179">
     <span class='ocr_line' id='line_1_14' title="bbox 18 1113 880 1179; baseline 0.008 -18"><span class='ocrx_word' id='word_1_100' title='bbox 18 1156 21 1161; x_wconf 29' lang='lat'><em>&lt;</em></span> <span class='ocrx_word' id='word_1_101' title='bbox 107 1118 268 1179; x_wconf 81' lang='lat' dir='ltr'><strong>scriptionem</strong></span> <span class='ocrx_word' id='word_1_102' title='bbox 283 1115 440 1164; x_wconf 82' lang='lat' dir='ltr'><strong>innoxiorum</strong></span> <span class='ocrx_word' id='word_1_103' title='bbox 462 1114 495 1163; x_wconf 90' lang='lat' dir='ltr'><strong>ob</strong></span> <span class='ocrx_word' id='word_1_104' title='bbox 510 1113 614 1171; x_wconf 83' lang='lat' dir='ltr'><strong>divitias,</strong></span> <span class='ocrx_word' id='word_1_105' title='bbox 630 1114 756 1164; x_wconf 83' lang='lat' dir='ltr'><strong>eruciatus</strong></span> <span class='ocrx_word' id='word_1_106' title='bbox 767 1117 880 1168; x_wconf 82' lang='lat' dir='ltr'><strong>virorum</strong></span> 
     </span>
    </p>
   </div>
   <div class='ocr_carea' id='block_1_4' title="bbox 106 1185 884 1248">
    <p class='ocr_par' dir='ltr' id='par_1_7' title="bbox 106 1185 884 1248">
     <span class='ocr_line' id='line_1_15' title="bbox 106 1185 884 1248; baseline 0.003 -12"><span class='ocrx_word' id='word_1_107' title='bbox 106 1187 252 1244; x_wconf 83' lang='lat' dir='ltr'><strong>illustrium,</strong></span> <span class='ocrx_word' id='word_1_108' title='bbox 266 1195 360 1236; x_wconf 80' lang='lat' dir='ltr'><strong>vastam</strong></span> <span class='ocrx_word' id='word_1_109' title='bbox 372 1187 459 1248; x_wconf 86' lang='lat' dir='ltr'><strong>urbem</strong></span> <span class='ocrx_word' id='word_1_110' title='bbox 474 1186 534 1246; x_wconf 82' lang='lat' dir='ltr'><strong>luga</strong></span> <span class='ocrx_word' id='word_1_111' title='bbox 546 1185 699 1244; x_wconf 74' lang='lat' dir='ltr'><strong>etpedibus,</strong></span> <span class='ocrx_word' id='word_1_112' title='bbox 711 1187 775 1235; x_wconf 86' lang='lat' dir='ltr'><strong>bona</strong></span> <span class='ocrx_word' id='word_1_113' title='bbox 787 1187 884 1238; x_wconf 42' lang='lat' dir='ltr'><strong>ciuium*</strong></span> 
     </span>
    </p>
   </div>
   <div class='ocr_carea' id='block_1_5' title="bbox 29 1256 880 1320">
    <p class='ocr_par' dir='ltr' id='par_1_8' title="bbox 29 1256 880 1320">
     <span class='ocr_line' id='line_1_16' title="bbox 29 1256 880 1320; baseline 0.002 -14"><span class='ocrx_word' id='word_1_114' title='bbox 29 1315 31 1319; x_wconf 28' lang='grc' dir='ltr'>Ι</span> <span class='ocrx_word' id='word_1_115' title='bbox 106 1256 880 1320; x_wconf 76' lang='lat' dir='ltr'><strong>miserorumquasiCimbricampraedamsenumautdouoda-</strong></span> 
     </span>
    </p>
   </div>
   <div class='ocr_carea' id='block_1_6' title="bbox 103 1325 879 1812">
    <p class='ocr_par' dir='ltr' id='par_1_9' title="bbox 103 1325 879 1812">
     <span class='ocr_line' id='line_1_17' title="bbox 105 1325 879 1391; baseline 0.008 -17"><span class='ocrx_word' id='word_1_116' title='bbox 105 1335 165 1376; x_wconf 88' lang='lat' dir='ltr'><strong>tam.</strong></span> <span class='ocrx_word' id='word_1_117' title='bbox 175 1354 206 1364; x_wconf 91' lang='lat'>-</span> <span class='ocrx_word' id='word_1_118' title='bbox 213 1330 242 1374; x_wconf 85' lang='lat' dir='ltr'><strong>At</strong></span> <span class='ocrx_word' id='word_1_119' title='bbox 249 1327 355 1387; x_wconf 80' lang='lat' dir='ltr'><strong>objectet</strong></span> <span class='ocrx_word' id='word_1_120' title='bbox 364 1327 426 1374; x_wconf 90' lang='lat' dir='ltr'><strong>mihi</strong></span> <span class='ocrx_word' id='word_1_121' title='bbox 437 1325 604 1388; x_wconf 85' lang='lat' dir='ltr'><strong>possessiones</strong></span> <span class='ocrx_word' id='word_1_122' title='bbox 613 1326 719 1375; x_wconf 82' lang='lat' dir='ltr'><strong>exhonis</strong></span> <span class='ocrx_word' id='word_1_123' title='bbox 727 1331 879 1391; x_wconf 81' lang='lat' dir='ltr'><strong>proscripto-</strong></span> 
     </span>
     <span class='ocr_line' id='line_1_18' title="bbox 105 1396 877 1460; baseline 0.004 -13"><span class='ocrx_word' id='word_1_124' title='bbox 105 1413 176 1456; x_wconf 89' lang='lat' dir='ltr'><strong>rum;</strong></span> <span class='ocrx_word' id='word_1_125' title='bbox 186 1398 252 1460; x_wconf 91' lang='lat' dir='ltr'><strong>quod</strong></span> <span class='ocrx_word' id='word_1_126' title='bbox 261 1399 362 1459; x_wconf 90' lang='lat' dir='ltr'><strong>quidem</strong></span> <span class='ocrx_word' id='word_1_127' title='bbox 371 1396 567 1447; x_wconf 76' lang='lat' dir='ltr'><strong>sceler-amittitis</strong></span> <span class='ocrx_word' id='word_1_128' title='bbox 578 1397 613 1445; x_wconf 79' lang='lat' dir='ltr'><strong>vel</strong></span> <span class='ocrx_word' id='word_1_129' title='bbox 623 1411 766 1448; x_wconf 81' lang='lat' dir='ltr'><strong>maxumum</strong></span> <span class='ocrx_word' id='word_1_130' title='bbox 774 1407 819 1450; x_wconf 86' lang='lat' dir='ltr'><strong>est.</strong></span> <span class='ocrx_word' id='word_1_131' title='bbox 826 1415 877 1450; x_wconf 88' lang='lat' dir='ltr'><strong>non</strong></span> 
     </span>
     <span class='ocr_line' id='line_1_19' title="bbox 105 1467 878 1531; baseline 0.006 -15"><span class='ocrx_word' id='word_1_132' title='bbox 105 1483 145 1518; x_wconf 92' lang='lat' dir='ltr'><strong>me</strong></span> <span class='ocrx_word' id='word_1_133' title='bbox 156 1483 237 1530; x_wconf 89' lang='lat' dir='ltr'><strong>neque</strong></span> <span class='ocrx_word' id='word_1_134' title='bbox 244 1481 395 1531; x_wconf 86' lang='lat' dir='ltr'><strong>quemquam</strong></span> <span class='ocrx_word' id='word_1_135' title='bbox 403 1467 514 1516; x_wconf 89' lang='lat' dir='ltr'><strong>omnium</strong></span> <span class='ocrx_word' id='word_1_136' title='bbox 526 1467 584 1514; x_wconf 88' lang='lat' dir='ltr'><strong>satis</strong></span> <span class='ocrx_word' id='word_1_137' title='bbox 595 1473 677 1516; x_wconf 87' lang='lat' dir='ltr'><strong>tutum</strong></span> <span class='ocrx_word' id='word_1_138' title='bbox 685 1468 771 1525; x_wconf 83' lang='lat' dir='ltr'><strong>luisse,</strong></span> <span class='ocrx_word' id='word_1_139' title='bbox 778 1470 800 1518; x_wconf 94' lang='lat' dir='ltr'><strong>si</strong></span> <span class='ocrx_word' id='word_1_140' title='bbox 808 1477 878 1522; x_wconf 84' lang='lat' dir='ltr'><strong>recle</strong></span> 
     </span>
     <span class='ocr_line' id='line_1_20' title="bbox 104 1535 875 1598; baseline 0.005 -13"><span class='ocrx_word' id='word_1_141' title='bbox 104 1537 250 1587; x_wconf 84' lang='lat' dir='ltr'><strong>faceremus.</strong></span> <span class='ocrx_word' id='word_1_142' title='bbox 264 1539 342 1598; x_wconf 76' lang='lat' dir='ltr'><strong>Atque</strong></span> <span class='ocrx_word' id='word_1_143' title='bbox 355 1537 403 1588; x_wconf 91' lang='lat' dir='ltr'><strong>illa.</strong></span> <span class='ocrx_word' id='word_1_144' title='bbox 413 1550 468 1598; x_wconf 78' lang='lat' dir='ltr'><strong>quae</strong></span> <span class='ocrx_word' id='word_1_145' title='bbox 480 1543 534 1584; x_wconf 90' lang='lat' dir='ltr'><strong>tum</strong></span> <span class='ocrx_word' id='word_1_146' title='bbox 542 1535 677 1584; x_wconf 84' lang='lat' dir='ltr'><strong>formidine</strong></span> <span class='ocrx_word' id='word_1_147' title='bbox 686 1545 809 1588; x_wconf 88' lang='lat' dir='ltr'><strong>mercatus</strong></span> <span class='ocrx_word' id='word_1_148' title='bbox 818 1553 875 1589; x_wconf 85' lang='lat' dir='ltr'><strong>sum</strong></span> 
     </span>
     <span class='ocr_line' id='line_1_21' title="bbox 104 1607 877 1674; baseline 0.005 -18"><span class='ocrx_word' id='word_1_149' title='bbox 104 1611 194 1672; x_wconf 88' lang='lat' dir='ltr'><strong>pretio,</strong></span> <span class='ocrx_word' id='word_1_150' title='bbox 208 1609 287 1657; x_wconf 88' lang='lat' dir='ltr'><strong>soluto</strong></span> <span class='ocrx_word' id='word_1_151' title='bbox 296 1609 354 1672; x_wconf 81' lang='lat' dir='ltr'><strong>J&#39;ure</strong></span> <span class='ocrx_word' id='word_1_152' title='bbox 369 1608 426 1671; x_wconf 78' lang='grc'><strong>1191,</strong></span> <span class='ocrx_word' id='word_1_153' title='bbox 441 1607 549 1656; x_wconf 88' lang='lat' dir='ltr'><strong>dominis</strong></span> <span class='ocrx_word' id='word_1_154' title='bbox 562 1614 646 1655; x_wconf 86' lang='lat' dir='ltr'><strong>tamen</strong></span> <span class='ocrx_word' id='word_1_155' title='bbox 662 1609 775 1665; x_wconf 80' lang='lat' dir='ltr'><strong>restituo,</strong></span> <span class='ocrx_word' id='word_1_156' title='bbox 794 1623 877 1674; x_wconf 87' lang='lat' dir='ltr'><strong>neque</strong></span> 
     </span>
     <span class='ocr_line' id='line_1_22' title="bbox 104 1677 878 1742; baseline 0.005 -14"><span class='ocrx_word' id='word_1_157' title='bbox 104 1680 156 1742; x_wconf 88' lang='lat' dir='ltr'><strong>pati</strong></span> <span class='ocrx_word' id='word_1_158' title='bbox 172 1679 302 1728; x_wconf 85' lang='lat' dir='ltr'><strong>eonsilium</strong></span> <span class='ocrx_word' id='word_1_159' title='bbox 316 1686 352 1728; x_wconf 88' lang='lat' dir='ltr'><strong>est</strong></span> <span class='ocrx_word' id='word_1_160' title='bbox 363 1681 440 1728; x_wconf 84' lang='lat' dir='ltr'><strong>ullam</strong></span> <span class='ocrx_word' id='word_1_161' title='bbox 450 1693 479 1728; x_wconf 81' lang='lat' dir='ltr'><strong>ex</strong></span> <span class='ocrx_word' id='word_1_162' title='bbox 499 1677 593 1727; x_wconf 85' lang='lat' dir='ltr'><strong>civibus</strong></span> <span class='ocrx_word' id='word_1_163' title='bbox 607 1679 718 1739; x_wconf 87' lang='lat' dir='ltr'><strong>praedam</strong></span> <span class='ocrx_word' id='word_1_164' title='bbox 732 1693 794 1729; x_wconf 86' lang='lat' dir='ltr'><strong>esse.</strong></span> <span class='ocrx_word' id='word_1_165' title='bbox 815 1680 878 1733; x_wconf 82' lang='lat' dir='ltr'><strong>Satis</strong></span> 
     </span>
     <span class='ocr_line' id='line_1_23' title="bbox 103 1747 878 1812; baseline 0.003 -14"><span class='ocrx_word' id='word_1_166' title='bbox 103 1751 147 1800; x_wconf 88' lang='lat' dir='ltr'><strong>illa</strong></span> <span class='ocrx_word' id='word_1_167' title='bbox 156 1749 260 1806; x_wconf 83' lang='lat' dir='ltr'><strong>fuerint,</strong></span> <span class='ocrx_word' id='word_1_168' title='bbox 268 1763 323 1812; x_wconf 83' lang='lat' dir='ltr'><strong>quae</strong></span> <span class='ocrx_word' id='word_1_169' title='bbox 334 1749 402 1798; x_wconf 89' lang='lat' dir='ltr'><strong>rabie</strong></span> <span class='ocrx_word' id='word_1_170' title='bbox 413 1754 535 1798; x_wconf 87' lang='lat' dir='ltr'><strong>contracta</strong></span> <span class='ocrx_word' id='word_1_171' title='bbox 544 1747 711 1808; x_wconf 82' lang='lat' dir='ltr'><strong>toleravimus,</strong></span> <span class='ocrx_word' id='word_1_172' title='bbox 718 1762 806 1799; x_wconf 83' lang='lat' dir='ltr'><strong>manus</strong></span> <span class='ocrx_word' id='word_1_173' title='bbox 813 1764 878 1800; x_wconf 84' lang='lat' dir='ltr'><strong>oon-</strong></span> 
     </span>
    </p>
   </div>
   <div class='ocr_carea' id='block_1_7' title="bbox 96 1881 877 2932">
    <p class='ocr_par' dir='ltr' id='par_1_10' title="bbox 96 1881 877 2932">
     <span class='ocr_line' id='line_1_24' title="bbox 103 1881 874 1945; baseline 0.001 -12"><span class='ocrx_word' id='word_1_174' title='bbox 103 1903 143 1945; x_wconf 91' lang='lat' dir='ltr'><strong>par</strong></span> <span class='ocrx_word' id='word_1_175' title='bbox 152 1891 265 1942; x_wconf 81' lang='lat' dir='ltr'><strong>l&#39;lilstoira‚</strong></span> <span class='ocrx_word' id='word_1_176' title='bbox 276 1891 308 1934; x_wconf 90' lang='lat' dir='ltr'><strong>les</strong></span> <span class='ocrx_word' id='word_1_177' title='bbox 326 1891 421 1934; x_wconf 85' lang='lat' dir='ltr'><strong>eolouies</strong></span> <span class='ocrx_word' id='word_1_178' title='bbox 435 1891 476 1932; x_wconf 90' lang='lat' dir='ltr'><strong>mi·</strong></span> <span class='ocrx_word' id='word_1_179' title='bbox 503 1901 553 1942; x_wconf 71' lang='lat' dir='ltr'><strong>sago</strong></span> <span class='ocrx_word' id='word_1_180' title='bbox 568 1881 654 1930; x_wconf 74' lang='lat' dir='ltr'><strong>celebre</strong></span> <span class='ocrx_word' id='word_1_181' title='bbox 673 1888 699 1930; x_wconf 90' lang='lat' dir='ltr'><strong>de</strong></span> <span class='ocrx_word' id='word_1_182' title='bbox 716 1888 874 1945; x_wconf 73' lang='lat' dir='ltr'><strong>Demosthen03</strong></span> 
     </span>
     <span class='ocr_line' id='line_1_25' title="bbox 103 1940 877 2010; baseline 0.001 -16"><span class='ocrx_word' id='word_1_183' title='bbox 103 1952 188 1995; x_wconf 83' lang='lat' dir='ltr'><strong>litaires</strong></span> <span class='ocrx_word' id='word_1_184' title='bbox 204 1967 247 2008; x_wconf 87' lang='lat' dir='ltr'><strong>que</strong></span> <span class='ocrx_word' id='word_1_185' title='bbox 263 1953 319 2010; x_wconf 80' lang='lat' dir='ltr'><strong>Sylla</strong></span> <span class='ocrx_word' id='word_1_186' title='bbox 336 1952 412 1996; x_wconf 72' lang='lat' dir='ltr'><strong>etaltllt</strong></span> <span class='ocrx_word' id='word_1_187' title='bbox 422 1952 475 1994; x_wconf 88' lang='lat' dir='ltr'><strong>daus</strong></span> <span class='ocrx_word' id='word_1_188' title='bbox 503 1961 548 2004; x_wconf 75' lang='lat' dir='ltr'><strong>roy.</strong></span> <span class='ocrx_word' id='word_1_189' title='bbox 560 1949 652 1997; x_wconf 83' lang='lat' dir='ltr'><strong>Lucien,</strong></span> <span class='ocrx_word' id='word_1_190' title='bbox 664 1940 730 2002; x_wconf 71' lang='lat' dir='ltr'><strong>Eloge</strong></span> <span class='ocrx_word' id='word_1_191' title='bbox 744 1950 770 1992; x_wconf 82' lang='lat' dir='ltr'><strong>de</strong></span> <span class='ocrx_word' id='word_1_192' title='bbox 786 1951 877 1995; x_wconf 74' lang='lat' dir='ltr'><strong>Demos-</strong></span> 
     </span>
     <span class='ocr_line' id='line_1_26' title="bbox 102 2009 876 2063; baseline 0.006 -8"><span class='ocrx_word' id='word_1_193' title='bbox 102 2020 166 2057; x_wconf 90' lang='lat' dir='ltr'><strong>toute</strong></span> <span class='ocrx_word' id='word_1_194' title='bbox 177 2013 259 2056; x_wconf 85' lang='lat' dir='ltr'><strong>l&#39;ltalie.</strong></span> <span class='ocrx_word' id='word_1_195' title='bbox 273 2039 299 2046; x_wconf 97' lang='lat'><em>-</em></span> <span class='ocrx_word' id='word_1_196' title='bbox 308 2014 340 2059; x_wconf 85' lang='grc'><strong>16.</strong></span> <span class='ocrx_word' id='word_1_197' title='bbox 356 2014 475 2056; x_wconf 78' lang='lat' dir='ltr'><strong>Humanas</strong></span> <span class='ocrx_word' id='word_1_198' title='bbox 502 2012 619 2063; x_wconf 75' lang='grc' dir='ltr'><strong>111ἐυε,εΙ1.</strong></span> <span class='ocrx_word' id='word_1_199' title='bbox 631 2014 650 2056; x_wconf 81' lang='lat'><strong>5.</strong></span> <span class='ocrx_word' id='word_1_200' title='bbox 662 2037 688 2043; x_wconf 90' lang='lat'><em>-</em></span> <span class='ocrx_word' id='word_1_201' title='bbox 697 2009 731 2056; x_wconf 78' lang='lat' dir='ltr'><strong>la.</strong></span> <span class='ocrx_word' id='word_1_202' title='bbox 748 2013 830 2057; x_wconf 77' lang='lat' dir='ltr'><strong>Vettius</strong></span> <span class='ocrx_word' id='word_1_203' title='bbox 844 2016 876 2059; x_wconf 90' lang='lat' dir='ltr'><strong>du</strong></span> 
     </span>
     <span class='ocr_line' id='line_1_27' title="bbox 104 2075 875 2131; baseline 0.003 -14"><span class='ocrx_word' id='word_1_204' title='bbox 104 2075 229 2118; x_wconf 68' lang='lat' dir='ltr'><strong>hostiae...</strong></span> <span class='ocrx_word' id='word_1_205' title='bbox 248 2076 323 2118; x_wconf 80' lang='lat' dir='ltr'><strong>Valere</strong></span> <span class='ocrx_word' id='word_1_206' title='bbox 343 2076 433 2118; x_wconf 82' lang='lat' dir='ltr'><strong>Maxime</strong></span> <span class='ocrx_word' id='word_1_207' title='bbox 462 2087 473 2116; x_wconf 89' lang='lat' dir='ltr'><strong>a</strong></span> <span class='ocrx_word' id='word_1_208' title='bbox 502 2075 606 2117; x_wconf 86' lang='lat' dir='ltr'><strong>Pioe&#39;uum</strong></span> <span class='ocrx_word' id='word_1_209' title='bbox 634 2088 661 2116; x_wconf 87' lang='lat' dir='ltr'><strong>ne</strong></span> <span class='ocrx_word' id='word_1_210' title='bbox 688 2087 744 2117; x_wconf 88' lang='lat' dir='ltr'><strong>nous</strong></span> <span class='ocrx_word' id='word_1_211' title='bbox 770 2083 814 2118; x_wconf 73' lang='lat' dir='ltr'><strong>est&#39;</strong></span> <span class='ocrx_word' id='word_1_212' title='bbox 836 2075 875 2131; x_wconf 82' lang='lat' dir='ltr'><strong>&#39;pas</strong></span> 
     </span>
     <span class='ocr_line' id='line_1_28' title="bbox 103 2135 875 2192; baseline 0.003 -13"><span class='ocrx_word' id='word_1_213' title='bbox 103 2138 175 2188; x_wconf 73' lang='lat' dir='ltr'><strong>renni,</strong></span> <span class='ocrx_word' id='word_1_214' title='bbox 192 2138 227 2180; x_wconf 89' lang='lat' dir='ltr'><strong>liv.</strong></span> <span class='ocrx_word' id='word_1_215' title='bbox 246 2139 280 2189; x_wconf 90' lang='lat' dir='ltr'><strong>lll,</strong></span> <span class='ocrx_word' id='word_1_216' title='bbox 291 2139 324 2181; x_wconf 87' lang='lat' dir='ltr'><strong>ch.</strong></span> <span class='ocrx_word' id='word_1_217' title='bbox 338 2138 358 2181; x_wconf 74' lang='lat'><strong>2.</strong></span> <span class='ocrx_word' id='word_1_218' title='bbox 369 2141 382 2192; x_wconf 65' lang='lat' dir='ltr'>g</span> <span class='ocrx_word' id='word_1_219' title='bbox 392 2141 411 2188; x_wconf 89' lang='grc'><strong>1,</strong></span> <span class='ocrx_word' id='word_1_220' title='bbox 425 2143 474 2180; x_wconf 92' lang='lat' dir='ltr'><strong>tous</strong></span> <span class='ocrx_word' id='word_1_221' title='bbox 502 2149 574 2180; x_wconf 83' lang='lat' dir='ltr'><strong>cornu</strong></span> <span class='ocrx_word' id='word_1_222' title='bbox 584 2135 726 2188; x_wconf 76' lang='lat' dir='ltr'><strong>d&#39;ailleurs,a</strong></span> <span class='ocrx_word' id='word_1_223' title='bbox 744 2137 814 2179; x_wconf 82' lang='lat' dir='ltr'><strong>moins</strong></span> <span class='ocrx_word' id='word_1_224' title='bbox 830 2149 875 2192; x_wconf 85' lang='lat' dir='ltr'><strong>qua</strong></span> 
     </span>
     <span class='ocr_line' id='line_1_29' title="bbox 102 2199 875 2255; baseline 0.001 -13"><span class='ocrx_word' id='word_1_225' title='bbox 102 2200 204 2243; x_wconf 78' lang='lat' dir='ltr'><strong>lestraits</strong></span> <span class='ocrx_word' id='word_1_226' title='bbox 217 2200 244 2242; x_wconf 87' lang='lat' dir='ltr'><strong>de</strong></span> <span class='ocrx_word' id='word_1_227' title='bbox 258 2201 348 2243; x_wconf 80' lang='lat' dir='ltr'><strong>cruaute</strong></span> <span class='ocrx_word' id='word_1_228' title='bbox 364 2201 391 2243; x_wconf 88' lang='lat' dir='ltr'><strong>de</strong></span> <span class='ocrx_word' id='word_1_229' title='bbox 408 2199 472 2254; x_wconf 76' lang='lat' dir='ltr'><strong>Sylla.</strong></span> <span class='ocrx_word' id='word_1_230' title='bbox 501 2213 526 2242; x_wconf 90' lang='lat' dir='ltr'><strong>ce</strong></span> <span class='ocrx_word' id='word_1_231' title='bbox 542 2212 569 2242; x_wconf 86' lang='lat' dir='ltr'><strong>ne</strong></span> <span class='ocrx_word' id='word_1_232' title='bbox 592 2200 634 2241; x_wconf 89' lang='lat' dir='ltr'><strong>soit</strong></span> <span class='ocrx_word' id='word_1_233' title='bbox 655 2201 748 2253; x_wconf 88' lang='lat' dir='ltr'><strong>(comme</strong></span> <span class='ocrx_word' id='word_1_234' title='bbox 768 2199 788 2242; x_wconf 84' lang='lat' dir='ltr'><strong>le</strong></span> <span class='ocrx_word' id='word_1_235' title='bbox 806 2211 875 2255; x_wconf 81' lang='lat' dir='ltr'><strong>pense</strong></span> 
     </span>
     <span class='ocr_line' id='line_1_30' title="bbox 102 2259 875 2315; baseline 0.001 -12"><span class='ocrx_word' id='word_1_236' title='bbox 102 2266 124 2303; x_wconf 88' lang='lat' dir='ltr'><strong>et</strong></span> <span class='ocrx_word' id='word_1_237' title='bbox 133 2261 148 2303; x_wconf 93' lang='grc'><strong>11</strong></span> <span class='ocrx_word' id='word_1_238' title='bbox 156 2269 244 2303; x_wconf 83' lang='lat' dir='ltr'><strong>raconte</strong></span> <span class='ocrx_word' id='word_1_239' title='bbox 252 2270 313 2304; x_wconf 88' lang='lat' dir='ltr'><strong>entre</strong></span> <span class='ocrx_word' id='word_1_240' title='bbox 323 2268 397 2304; x_wconf 87' lang='lat' dir='ltr'><strong>autres</strong></span> <span class='ocrx_word' id='word_1_241' title='bbox 406 2260 474 2302; x_wconf 83' lang='lat' dir='ltr'><strong>celui·</strong></span> <span class='ocrx_word' id='word_1_242' title='bbox 501 2259 527 2302; x_wconf 84' lang='lat' dir='ltr'><strong>lt.</strong></span> <span class='ocrx_word' id='word_1_243' title='bbox 538 2260 612 2313; x_wconf 87' lang='lat' dir='ltr'><strong>Orelli)</strong></span> <span class='ocrx_word' id='word_1_244' title='bbox 621 2260 678 2302; x_wconf 89' lang='lat' dir='ltr'><strong>celui</strong></span> <span class='ocrx_word' id='word_1_245' title='bbox 693 2272 736 2315; x_wconf 86' lang='lat' dir='ltr'><strong>que</strong></span> <span class='ocrx_word' id='word_1_246' title='bbox 747 2262 875 2304; x_wconf 86' lang='lat' dir='ltr'><strong>mentioune</strong></span> 
     </span>
     <span class='ocr_line' id='line_1_31' title="bbox 101 2321 876 2378; baseline 0.001 -13"><span class='ocrx_word' id='word_1_247' title='bbox 101 2323 121 2365; x_wconf 82' lang='lat' dir='ltr'><strong>ei</strong></span> <span class='ocrx_word' id='word_1_248' title='bbox 132 2337 138 2364; x_wconf 90' lang='lat'>:</span> <span class='ocrx_word' id='word_1_249' title='bbox 150 2321 222 2374; x_wconf 85' lang='lat' dir='ltr'><strong>Quom</strong></span> <span class='ocrx_word' id='word_1_250' title='bbox 232 2335 303 2378; x_wconf 84' lang='lat' dir='ltr'><strong>porro</strong></span> <span class='ocrx_word' id='word_1_251' title='bbox 312 2323 441 2366; x_wconf 79' lang='lat' dir='ltr'><strong>crudeliter</strong></span> <span class='ocrx_word' id='word_1_252' title='bbox 449 2334 473 2364; x_wconf 84' lang='lat' dir='ltr'><strong>se</strong></span> <span class='ocrx_word' id='word_1_253' title='bbox 500 2323 590 2365; x_wconf 84' lang='lat' dir='ltr'><strong>Cieo&#39;rou</strong></span> <span class='ocrx_word' id='word_1_254' title='bbox 600 2323 653 2364; x_wconf 85' lang='lat' dir='ltr'><strong>dans</strong></span> <span class='ocrx_word' id='word_1_255' title='bbox 663 2335 697 2365; x_wconf 86' lang='lat' dir='ltr'><strong>ses</strong></span> <span class='ocrx_word' id='word_1_256' title='bbox 717 2322 792 2365; x_wconf 86' lang='lat' dir='ltr'><strong>lettres</strong></span> <span class='ocrx_word' id='word_1_257' title='bbox 808 2323 821 2364; x_wconf 81' lang='lat' dir='ltr'><strong>lt</strong></span> <span class='ocrx_word' id='word_1_258' title='bbox 839 2325 876 2366; x_wconf 76' lang='lat' dir='ltr'><strong>At·</strong></span> 
     </span>
     <span class='ocr_line' id='line_1_32' title="bbox 100 2383 876 2442; baseline -0.004 -12"><span class='ocrx_word' id='word_1_259' title='bbox 100 2388 127 2430; x_wconf 78' lang='lat' dir='ltr'><strong>in</strong></span> <span class='ocrx_word' id='word_1_260' title='bbox 138 2388 165 2430; x_wconf 84' lang='lat' dir='ltr'><strong>lt.</strong></span> <span class='ocrx_word' id='word_1_261' title='bbox 176 2387 249 2430; x_wconf 78' lang='lat' dir='ltr'><strong>llario</strong></span> <span class='ocrx_word' id='word_1_262' title='bbox 260 2386 346 2442; x_wconf 78' lang='lat' dir='ltr'><strong>pessit!</strong></span> <span class='ocrx_word' id='word_1_263' title='bbox 357 2397 473 2442; x_wconf 79' lang='lat' dir='ltr'><strong>quemper</strong></span> <span class='ocrx_word' id='word_1_264' title='bbox 500 2385 564 2432; x_wconf 84' lang='lat' dir='ltr'><strong>licus,</strong></span> <span class='ocrx_word' id='word_1_265' title='bbox 575 2383 611 2426; x_wconf 84' lang='lat' dir='ltr'><strong>liv.</strong></span> <span class='ocrx_word' id='word_1_266' title='bbox 625 2383 658 2431; x_wconf 86' lang='lat' dir='ltr'><strong>IV,</strong></span> <span class='ocrx_word' id='word_1_267' title='bbox 671 2383 704 2437; x_wconf 77' lang='lat' dir='ltr'><strong>ep.</strong></span> <span class='ocrx_word' id='word_1_268' title='bbox 715 2384 735 2426; x_wconf 79' lang='grc' dir='ltr'><strong>ὅ.</strong></span> <span class='ocrx_word' id='word_1_269' title='bbox 754 2383 782 2425; x_wconf 85' lang='lat' dir='ltr'><strong>Le</strong></span> <span class='ocrx_word' id='word_1_270' title='bbox 801 2383 876 2427; x_wconf 81' lang='lat' dir='ltr'><strong>scribe</strong></span> 
     </span>
     <span class='ocr_line' id='line_1_33' title="bbox 100 2443 875 2504; baseline -0.005 -12"><span class='ocrx_word' id='word_1_271' title='bbox 100 2459 142 2493; x_wconf 73' lang='lat' dir='ltr'><strong>om</strong></span> <span class='ocrx_word' id='word_1_272' title='bbox 152 2449 217 2504; x_wconf 76' lang='lat' dir='ltr'><strong>vulpi</strong></span> <span class='ocrx_word' id='word_1_273' title='bbox 226 2448 258 2491; x_wconf 85' lang='lat' dir='ltr'><strong>od</strong></span> <span class='ocrx_word' id='word_1_274' title='bbox 269 2448 417 2503; x_wconf 78' lang='lat' dir='ltr'><strong>sepulchrum</strong></span> <span class='ocrx_word' id='word_1_275' title='bbox 428 2448 473 2492; x_wconf 79' lang='lat' dir='ltr'><strong>Lu·</strong></span> <span class='ocrx_word' id='word_1_276' title='bbox 499 2443 632 2486; x_wconf 75' lang='lat' dir='ltr'><strong>Corneliusa</strong></span> <span class='ocrx_word' id='word_1_277' title='bbox 648 2443 683 2486; x_wconf 76' lang='lat' dir='ltr'><strong>ete</strong></span> <span class='ocrx_word' id='word_1_278' title='bbox 699 2443 756 2486; x_wconf 70' lang='lat' dir='ltr'><strong>iletri</strong></span> <span class='ocrx_word' id='word_1_279' title='bbox 766 2455 806 2498; x_wconf 86' lang='lat' dir='ltr'><strong>par</strong></span> <span class='ocrx_word' id='word_1_280' title='bbox 814 2444 875 2488; x_wconf 70' lang='lat' dir='ltr'><strong>Cice-</strong></span> 
     </span>
     <span class='ocr_line' id='line_1_34' title="bbox 101 2505 874 2565; baseline -0.004 -12"><span class='ocrx_word' id='word_1_281' title='bbox 101 2512 167 2554; x_wconf 77' lang='lat' dir='ltr'><strong>tattae</strong></span> <span class='ocrx_word' id='word_1_282' title='bbox 177 2510 251 2565; x_wconf 70' lang='lat' dir='ltr'><strong>pentir</strong></span> <span class='ocrx_word' id='word_1_283' title='bbox 259 2512 411 2565; x_wconf 79' lang='lat' dir='ltr'><strong>pertractum,</strong></span> <span class='ocrx_word' id='word_1_284' title='bbox 425 2520 472 2552; x_wconf 79' lang='lat' dir='ltr'><strong>non</strong></span> <span class='ocrx_word' id='word_1_285' title='bbox 499 2517 538 2547; x_wconf 84' lang='lat' dir='ltr'><strong>ron</strong></span> <span class='ocrx_word' id='word_1_286' title='bbox 557 2505 611 2548; x_wconf 82' lang='lat' dir='ltr'><strong>daus</strong></span> <span class='ocrx_word' id='word_1_287' title='bbox 631 2505 652 2546; x_wconf 90' lang='lat' dir='ltr'><strong>le</strong></span> <span class='ocrx_word' id='word_1_288' title='bbox 671 2505 750 2548; x_wconf 89' lang='lat' dir='ltr'><strong>seooud</strong></span> <span class='ocrx_word' id='word_1_289' title='bbox 767 2505 822 2548; x_wconf 82' lang='lat' dir='ltr'><strong>livre</strong></span> <span class='ocrx_word' id='word_1_290' title='bbox 843 2506 874 2550; x_wconf 81' lang='lat' dir='ltr'><strong>de</strong></span> 
     </span>
     <span class='ocr_line' id='line_1_35' title="bbox 97 2567 873 2628; baseline -0.003 -13"><span class='ocrx_word' id='word_1_291' title='bbox 97 2572 222 2628; x_wconf 75' lang='lat' dir='ltr'><strong>priusvito</strong></span> <span class='ocrx_word' id='word_1_292' title='bbox 228 2571 335 2626; x_wconf 79' lang='lat' dir='ltr'><strong>privavit</strong></span> <span class='ocrx_word' id='word_1_293' title='bbox 343 2583 412 2626; x_wconf 79' lang='lat' dir='ltr'><strong>quom</strong></span> <span class='ocrx_word' id='word_1_294' title='bbox 420 2582 473 2614; x_wconf 75' lang='lat' dir='ltr'><strong>oote-</strong></span> <span class='ocrx_word' id='word_1_295' title='bbox 501 2567 595 2623; x_wconf 79' lang='lat' dir='ltr'><strong>Officiis,</strong></span> <span class='ocrx_word' id='word_1_296' title='bbox 622 2568 656 2610; x_wconf 80' lang='lat' dir='ltr'><strong>ch·</strong></span> <span class='ocrx_word' id='word_1_297' title='bbox 682 2568 703 2618; x_wconf 87' lang='lat'><strong>8,</strong></span> <span class='ocrx_word' id='word_1_298' title='bbox 722 2579 776 2622; x_wconf 69' lang='lat' dir='ltr'><strong>page</strong></span> <span class='ocrx_word' id='word_1_299' title='bbox 797 2568 824 2613; x_wconf 87' lang='lat'><strong>89</strong></span> <span class='ocrx_word' id='word_1_300' title='bbox 845 2568 873 2611; x_wconf 82' lang='lat' dir='ltr'><strong>do</strong></span> 
     </span>
     <span class='ocr_line' id='line_1_36' title="bbox 101 2628 873 2685; baseline 0.001 -13"><span class='ocrx_word' id='word_1_301' title='bbox 101 2633 133 2674; x_wconf 85' lang='lat' dir='ltr'><strong>tos</strong></span> <span class='ocrx_word' id='word_1_302' title='bbox 146 2630 248 2682; x_wconf 81' lang='lat' dir='ltr'><strong>infelicis</strong></span> <span class='ocrx_word' id='word_1_303' title='bbox 258 2633 350 2674; x_wconf 80' lang='lat' dir='ltr'><strong>erueret</strong></span> <span class='ocrx_word' id='word_1_304' title='bbox 362 2633 385 2673; x_wconf 79' lang='lat' dir='ltr'><strong>et</strong></span> <span class='ocrx_word' id='word_1_305' title='bbox 394 2630 472 2685; x_wconf 76' lang='lat' dir='ltr'><strong>sinpu-</strong></span> <span class='ocrx_word' id='word_1_306' title='bbox 499 2637 563 2671; x_wconf 90' lang='lat' dir='ltr'><strong>uotre</strong></span> <span class='ocrx_word' id='word_1_307' title='bbox 586 2629 676 2671; x_wconf 77' lang='lat' dir='ltr'><strong>edition.</strong></span> <span class='ocrx_word' id='word_1_308' title='bbox 694 2653 721 2660; x_wconf 94' lang='lat'><em>-</em></span> <span class='ocrx_word' id='word_1_309' title='bbox 739 2628 773 2672; x_wconf 87' lang='grc'><strong>19.</strong></span> <span class='ocrx_word' id='word_1_310' title='bbox 793 2629 873 2674; x_wconf 76' lang='lat' dir='ltr'><strong>Saluto</strong></span> 
     </span>
     <span class='ocr_line' id='line_1_37' title="bbox 99 2691 874 2747; baseline 0.001 -14"><span class='ocrx_word' id='word_1_311' title='bbox 99 2692 136 2733; x_wconf 83' lang='lat' dir='ltr'><strong>los</strong></span> <span class='ocrx_word' id='word_1_312' title='bbox 151 2694 255 2747; x_wconf 79' lang='lat' dir='ltr'><strong>corporis</strong></span> <span class='ocrx_word' id='word_1_313' title='bbox 269 2693 350 2747; x_wconf 81' lang='lat' dir='ltr'><strong>portes</strong></span> <span class='ocrx_word' id='word_1_314' title='bbox 365 2691 472 2745; x_wconf 80' lang='lat' dir='ltr'><strong>eonfrin·</strong></span> <span class='ocrx_word' id='word_1_315' title='bbox 495 2692 552 2746; x_wconf 84' lang='lat' dir='ltr'><strong>jure</strong></span> <span class='ocrx_word' id='word_1_316' title='bbox 569 2692 612 2746; x_wconf 83' lang='lat' dir='ltr'><strong>(car</strong></span> <span class='ocrx_word' id='word_1_317' title='bbox 627 2692 642 2733; x_wconf 94' lang='grc'><strong>11</strong></span> <span class='ocrx_word' id='word_1_318' title='bbox 657 2703 684 2733; x_wconf 88' lang='lat' dir='ltr'><strong>ne</strong></span> <span class='ocrx_word' id='word_1_319' title='bbox 699 2692 793 2745; x_wconf 84' lang='lat' dir='ltr'><strong>lautpas</strong></span> <span class='ocrx_word' id='word_1_320' title='bbox 807 2704 874 2746; x_wconf 86' lang='lat' dir='ltr'><strong>pone-</strong></span> 
     </span>
     <span class='ocr_line' id='line_1_38' title="bbox 98 2751 872 2808; baseline 0.001 -14"><span class='ocrx_word' id='word_1_321' title='bbox 98 2755 170 2805; x_wconf 66' lang='lat' dir='ltr'><strong>¹(reret.</strong></span> <span class='ocrx_word' id='word_1_322' title='bbox 188 2754 259 2794; x_wconf 86' lang='grc'><strong>-11,</strong></span> <span class='ocrx_word' id='word_1_323' title='bbox 281 2752 354 2796; x_wconf 82' lang='lat' dir='ltr'><strong>Unum</strong></span> <span class='ocrx_word' id='word_1_324' title='bbox 367 2752 472 2795; x_wconf 81' lang='lat' dir='ltr'><strong>omnibus</strong></span> <span class='ocrx_word' id='word_1_325' title='bbox 500 2760 550 2794; x_wconf 88' lang='lat' dir='ltr'><strong>tuer</strong></span> <span class='ocrx_word' id='word_1_326' title='bbox 571 2752 648 2808; x_wconf 81' lang='lat' dir='ltr'><strong>pretio</strong></span> <span class='ocrx_word' id='word_1_327' title='bbox 670 2751 752 2805; x_wconf 81' lang='lat' dir='ltr'><strong>soluto)</strong></span> <span class='ocrx_word' id='word_1_328' title='bbox 770 2757 804 2795; x_wconf 86' lang='lat' dir='ltr'><strong>est</strong></span> <span class='ocrx_word' id='word_1_329' title='bbox 820 2752 872 2795; x_wconf 89' lang='lat' dir='ltr'><strong>hieu</strong></span> 
     </span>
     <span class='ocr_line' id='line_1_39' title="bbox 99 2812 874 2870; baseline 0.005 -17"><span class='ocrx_word' id='word_1_330' title='bbox 99 2813 169 2867; x_wconf 80' lang='lat' dir='ltr'><strong>finem</strong></span> <span class='ocrx_word' id='word_1_331' title='bbox 179 2816 269 2855; x_wconf 82' lang='lat' dir='ltr'><strong>notura</strong></span> <span class='ocrx_word' id='word_1_332' title='bbox 280 2812 316 2855; x_wconf 81' lang='lat' dir='ltr'><strong>vel</strong></span> <span class='ocrx_word' id='word_1_333' title='bbox 327 2816 392 2867; x_wconf 62' lang='lat' dir='ltr'><strong>ferro</strong></span> <span class='ocrx_word' id='word_1_334' title='bbox 402 2813 473 2868; x_wconf 77' lang='lat' dir='ltr'><strong>septis</strong></span> <span class='ocrx_word' id='word_1_335' title='bbox 499 2813 599 2869; x_wconf 75' lang='lat' dir='ltr'><strong>explique</strong></span> <span class='ocrx_word' id='word_1_336' title='bbox 606 2825 646 2867; x_wconf 88' lang='lat' dir='ltr'><strong>par</strong></span> <span class='ocrx_word' id='word_1_337' title='bbox 654 2813 681 2857; x_wconf 86' lang='lat' dir='ltr'><strong>lt.</strong></span> <span class='ocrx_word' id='word_1_338' title='bbox 691 2813 753 2856; x_wconf 87' lang='lat' dir='ltr'><strong>Fabri</strong></span> <span class='ocrx_word' id='word_1_339' title='bbox 762 2826 767 2855; x_wconf 93' lang='lat'><strong>:</strong></span> <span class='ocrx_word' id='word_1_340' title='bbox 776 2815 874 2870; x_wconf 84' lang='lat' dir='ltr'><strong>quoique</strong></span> 
     </span>
     <span class='ocr_line' id='line_1_40' title="bbox 96 2872 872 2932; baseline 0.005 -18"><span class='ocrx_word' id='word_1_341' title='bbox 96 2872 473 2932; x_wconf 72' lang='lat' dir='ltr'><strong>statuit...:imitatioud&#39;uupas-</strong></span> <span class='ocrx_word' id='word_1_342' title='bbox 500 2872 872 2930; x_wconf 74' lang='lat' dir='ltr'><strong>ledroitldumaitreltgitimelsoit</strong></span> 
     </span>
    </p>
   </div>
   <div class='ocr_carea' id='block_1_8' title="bbox 0 0 956 3216">
    <p class='ocr_par' dir='ltr' id='par_1_11' title="bbox 0 0 956 3216">
     <span class='ocr_line' id='line_1_41' title="bbox 0 0 956 3216; baseline 0 3"><span class='ocrx_word' id='word_1_343' title='bbox 0 0 956 3216; x_wconf 95' lang='lat' dir='ltr'><strong> </strong></span> 
     </span>
    </p>
   </div>
  </div>
 </body>
</html>
