1904 3216
214 235 251 284 EX
267 233 360 284 raclrl
377 234 575 285 lusroallaull
596 233 682 285 LIBRO
698 233 731 284 11.
810 234 856 282 485

87 348 236 409 gloriosum,
260 356 302 398 aut
321 355 463 410 promptum
482 348 580 410 ellectu,
601 354 643 399 aut
661 354 728 398 certo
746 361 797 397 non
816 362 857 398 ar·

86 421 164 468 duum
180 418 211 481 (1)
228 419 269 467 sit.
284 419 361 468 Simul
377 420 430 480 ipse
443 419 487 479 qui
504 420 591 467 suadet
603 419 797 468 considerandus
810 427 854 478 est,

87 489 220 549 adjiciatnc
237 490 341 538 consilio
356 489 494 550 periculum
509 502 594 547 suum;
610 495 643 544 et,
657 488 678 536 si
695 489 795 537 fortuna
808 500 857 536 coe·

87 558 137 619 ptis
147 558 257 614 alluerit,
269 559 309 608 cui
319 571 445 608 summum
458 558 533 607 decus
543 558 696 621 acquiratur.
704 559 755 619 Ego
762 563 794 614 te,
803 558 858 606 Ves-

86 628 197 690 pasiano.
218 628 248 677 ad
269 630 403 692 imperium
418 642 486 686 roco,
501 635 552 677 tarn
577 629 685 678 salutare
703 627 858 691 reipublicae,

88 711 162 760 quam
170 699 216 747 tibi
226 700 387 760 magnificum
401 715 407 744 ε
416 699 486 759 J'uxta
496 699 563 756 deos,
575 699 602 748 in
610 705 653 750 tua
664 713 740 749 manu
748 698 858 761 positum

87 774 133 817 est.
143 770 190 818 Nec
199 769 308 831 speciem
317 770 440 819 adulantis
450 770 591 831 expaveris:
600 784 614 818 a
625 771 775 819 contumelia
783 782 858 831 quam

88 839 185 888 alaude
197 840 301 902 propius
313 839 389 888 luerit
399 846 453 901 post
466 839 590 889 Vitellium
602 839 671 900 eligi.
682 839 734 887 lion
742 838 859 888 adversus

87 909 138 958 diri
152 910 256 970 Augusti
268 909 417 957 acerrimam
429 915 602 966 n1entcm‚nec
614 909 732 958 adversus
745 908 859 957 cautissi-

88 993 154 1028 mam
166 979 256 1028 Tiberii
264 985 426 1035 senectutem,
436 986 560 1027 reconna
570 979 621 1028 Caii
631 979 733 1042 quidem
741 984 785 1028 aut
792 979 859 1029 Clau·

87 1051 123 1101 dii
140 1051 178 1099 rel
195 1050 296 1099 Neronis
309 1051 438 1100 fundatam
451 1050 525 1111 longo
540 1050 647 1112 imperio
659 1052 761 1100 domum
773 1064 859 1100 exsar-

89 1122 185 1182 pimns;
204 1121 302 1170 cessisti
323 1121 398 1170 etiam
415 1120 497 1170 Gallae
515 1120 668 1183 imaginibus
687 1120 719 1185 (2)
739 1127 858 1184 :torpere

89 1190 164 1246 ultra.
176 1196 200 1239 et
210 1191 366 1251 polluendam
379 1191 581 1254 perdendamque
590 1191 769 1253 rempublicam
781 1191 859 1240 relin-

89 1272 176 1323 quere,
192 1273 266 1322 sopor
277 1267 302 1310 et
319 1261 416 1323 ignavia
430 1260 566 1317 videretur,
580 1260 655 1309 etiam
671 1261 693 1310 si
706 1261 763 1315 tibi,
783 1274 858 1323 quam

89 1328 227 1387 inhonesta,
240 1337 290 1379 tam
306 1336 360 1380 tuta
369 1330 474 1380 servitus
487 1336 559 1379 esset.
572 1330 639 1379 abiit
648 1330 699 1392 jam
711 1336 736 1380 et
747 1336 856 1380 tranare

89 1404 157 1447 ctum
174 1406 213 1448 est
227 1407 334 1463 tempus,
348 1415 396 1464 quo
408 1414 492 1463 posses
508 1400 588 1450 rideri
603 1414 653 1450 non
668 1400 786 1463 cupisse:
800 1412 860 1450 con-

88 1469 237 1531 fugiendum
254 1479 289 1521 est
303 1472 334 1520 ad
352 1472 495 1534 imperium.
513 1472 547 1520 ln
563 1472 656 1521 excidit
673 1472 707 1535 (d)
723 1470 860 1521 trucidatus

90 1539 212 1589 Corbulo?
225 1541 382 1603 Splendidior
398 1542 496 1604 origine
506 1556 581 1604 qiiam
596 1556 641 1593 nos
654 1555 749 1601 sumus,
759 1540 839 1591 fateor
852 1557 862 1591 a

89 1609 133 1658 sed
144 1615 169 1659 et
181 1611 245 1659 Nero
255 1611 387 1660 nobilitate
399 1612 520 1661 natalium
532 1611 657 1661 Vitellium
672 1611 789 1661 anteibat.
796 1608 862 1659 Satis

90 1680 174 1727 clarus
183 1686 220 1729 est
234 1684 298 1743 apud
315 1682 444 1730 timentem
456 1682 571 1744 quisquis
581 1682 685 1731 timetur
695 1698 702 1729 ι
712 1688 817 1745 etposse
829 1678 862 1727 ab
915 1680 923 1719 -'=

89 1751 200 1799 exercitu
218 1751 358 1814 Principem
370 1751 435 1809 lieri,
452 1752 500 1800 sibi
516 1752 689 1814 ipsellitellius
702 1752 864 1805 documessw.

90 1819 167 1867 nullis
181 1819 320 1881 stipendiis.
338 1820 408 1869 nulla
426 1821 531 1870 militari
548 1822 622 1879 fama,
639 1822 721 1871 Galbae
734 1820 793 1871 odio
804 1826 867 1881 pm*
889 1856 906 1877 .,

90 1895 185 1937 rectus.
197 1889 244 1937 Nec
257 1887 376 1937 Othonem
386 1888 490 1951 quidem
499 1890 569 1940 ducis
579 1896 634 1941 arte
642 1890 821 1941 notescimus
829 1884 867 1943 vi·
916 1938 923 1953 ,

91 1960 134 2007 sed
145 1972 303 2021 parapropera
315 1960 394 2022 ipsius
404 1960 573 2022 desperatione
586 1962 689 2020 victum,
700 1962 754 2025 jam
766 1956 871 2011 deside·

91 2028 195 2078 rabilem
207 2036 232 2078 et
238 2043 358 2091 magnum
370 2030 511 2092 Principem
520 2032 672 2093 lecit‚quum
680 2030 786 2081 interim
797 2038 873 2091 spar-

92 2100 130 2161 git
141 2098 261 2161 legiones,
277 2105 388 2149 exarmat
403 2100 526 2159 cohortes,
540 2115 603 2151 nova
615 2101 728 2165 quotidie
739 2100 813 2151 bello
833 2108 875 2147 aa·

91 2170 161 2218 mina
174 2170 315 2219 ministrat:
330 2170 351 2219 si
360 2169 422 2233 quid
432 2170 530 2219 ardoris
538 2184 567 2220 ac
574 2170 674 2221 ferociae
683 2172 758 2221 milas
766 2164 875 2223 hebuit·
913 2172 918 2185 “

92 2241 193 2304 popinis
208 2246 233 2289 et
242 2240 464 2289 comessationibus
472 2246 498 2290 et
508 2240 633 2304 Principis
642 2240 787 2296 imitatiom
802 2236 878 2287 data-¹

92 2312 168 2360 ritur.
185 2310 263 2360 Tibie
278 2310 363 2360 tuum
376 2316 402 2360 et
414 2309 483 2373 Syria
497 2312 637 2375 etAEgppto
649 2324 738 2363 noran
753 2306 880 2371 Ιοείοιιω
903 2366 909 2375 ¹

93 2384 207 2443 integrae,
226 2382 293 2432 nulla
306 2382 360 2432 acie
375 2382 509 2439 exhaustae,
525 2396 577 2433 non
588 2380 714 2435 discordia
730 2380 880 2441 aarum

93 2456 137 2504 sed
145 2456 258 2504 lirnmtus
268 2468 315 2503 usu
322 2452 396 2503 miles
401 2452 495 2503 etbelli
503 2448 892 2530 domitoraxmipalmimos
903 2512 923 2549 '¹

120 2646 197 2690 rutil.
206 2649 226 2691 1.
235 2646 347 2701 Arduum,
354 2646 388 2691 du
395 2644 465 2691 mlu·
489 2646 567 2703 nibus,
574 2646 589 2691 Ι
597 2648 618 2693 h
625 2646 768 2697 Μὴ

94 2707 465 2767 Geile‚‹estquodastquumdil-
490 2704 707 2757 &mund
762 2700 766 2709 ’

92 2770 159 2822 ilcila,
168 2776 216 2815 tum
225 2770 342 2815 molestum
350 2770 466 2815 etiamn·
489 2768 626 2827 qu'm

92 2831 182 2875 mallum
199 2837 222 2875 et
237 2830 385 2885 intractabile,
403 2830 464 2889 quod
491 2836 534 2877 da·
559 2850 590 2867 -
625 2840 631 2849 '

92 2893 160 2937 Graeci
178 2893 264 2951 δυςχιρῑς
278 2898 317 2937 tul
330 2898 414 2951 χοληδι
425 2904 466 2951 ΙΙ)-
618 2898 621 2911 ²
