1904 3216
106 171 154 221 324
414 171 571 222 oulrlultus

107 302 153 338 nos
165 288 250 343 fuisse,
266 292 296 336 ut
305 285 414 349 Philippi
426 287 500 334 unius
512 284 627 348 injurias,
639 284 661 334 si
674 298 730 348 quae
748 288 814 336 forle
826 287 878 338 fue·

106 365 168 408 runt
190 357 332 421 [obliterare
355 357 389 420 (l)
415 356 565 419 debuerintl,
586 355 673 417 utique
692 363 747 418 post
757 366 877 412 mortem:

109 444 185 492 quum
199 429 283 478 classis
295 429 402 476 Romana
410 427 543 476 Cenchreis
555 432 640 483 staret,
654 428 739 476 consul
746 443 803 477 cum
813 444 880 478 exer-

108 502 160 549 citu
171 499 260 547 Elateae
268 496 383 560 esset(5),
395 497 508 545 triduum
517 511 561 546 nos
573 496 598 543 in
610 496 713 545 concilio
723 496 809 554 luisse,
823 511 879 546 con·

18 624 22 632 ,
107 569 227 619 sultantes
245 573 331 616 utrum
350 568 478 623 Romanos,
497 581 528 615 an
544 567 693 628 Philippum,
707 571 878 628 sequeremur.

106 639 174 688 llihil
200 643 281 686 metus
302 650 411 700 praesens
435 639 465 686 ab
486 638 601 686 Romanis
625 637 760 687 sententias
782 645 880 688 nostras

107 708 248 758 inclinarit:
265 707 315 755 fuit
326 713 394 757 certe
405 713 487 757 tamen
500 707 603 770 aliquid,
622 707 688 768 quod
710 713 761 755 tam
779 707 880 770 longam

108 779 310 829 deliberationem
332 778 431 828 faceret.
446 777 472 826 Id
495 785 549 827 erat
569 777 604 842 (6)
619 783 716 826 vetusta
741 779 881 840 conjunctio

107 867 165 903 cum
176 852 354 907 Macedonibus,
364 857 448 900 vetera
458 858 485 900 et
492 865 581 913 magna
591 851 618 900 in
626 864 670 899 nos
679 864 769 912 regum
780 851 878 899 merita.

106 924 204 973 Valeant
214 929 239 971 et
248 935 316 971 nunc
327 921 414 970 eadem
422 922 472 979 illa,
491 936 539 971 non
550 928 580 972 ut
597 920 722 984 praecipue
741 921 822 977 amici,
837 921 880 970 sed

107 1007 138 1044 ne
150 993 273 1055 praecipue
284 992 380 1041 inimici
393 995 478 1042 simus.

137 1064 170 1113 tle
182 1063 216 1120 id,
230 1063 296 1124 quod
309 1077 359 1112 non
377 1064 468 1124 agitur,
492 1064 641 1121 Callicrates,
667 1063 878 1114 simulaverimus.

107 1135 182 1184 Nemo
191 1148 260 1184 novae
271 1134 393 1183 societatis
406 1141 449 1182 aut
463 1134 518 1183 novi
530 1135 639 1192 foederis,
660 1148 709 1197 quo
725 1148 770 1184 nos
787 1141 881 1184 temere

107 1206 241 1266 illipemus,
264 1204 433 1254 conscribendi
458 1212 495 1254 est
517 1210 617 1263 auctum
639 1205 682 1254 sed
703 1205 880 1254 commercium

31 1307 33 1311 ψ
107 1283 203 1325 tantum
211 1276 278 1338 juris
287 1277 413 1337 praebendi
425 1277 603 1340 repetendique
610 1276 651 1333 sit,
662 1291 694 1326 ne
705 1277 881 1327 interdictione

106 1347 195 1396 finium
214 1353 355 1394 nostrorum
371 1352 396 1394 et
410 1346 443 1410 (7)
456 1360 500 1395 nos
524 1360 623 1409 quoque
644 1359 722 1408 regno
741 1362 879 1405 arceamuS,

106 1431 138 1468 ne
150 1417 227 1466 servis
238 1418 328 1465 nostris
340 1417 423 1478 aliquo
436 1419 523 1478 fugere
535 1417 615 1466 liceat.
628 1417 691 1473 Quid
702 1419 750 1466 hoc
762 1418 880 1467 adversus

107 1489 217 1538 Romana
232 1487 325 1536 foedera
338 1487 391 1536 est‘i
408 1487 470 1543 Quid
485 1501 538 1535 rem
552 1500 653 1549 parram
669 1494 694 1537 et
703 1495 814 1550 apertam
828 1501 881 1537 ma-

18 1576 22 1582 ·
108 1572 182 1621 gnam
195 1564 219 1605 et
231 1563 370 1618 suspectam
387 1557 510 1606 facimus?
523 1558 586 1614 Quid
606 1571 681 1606 vanos
697 1560 819 1608 tumultus
829 1559 880 1608 cie-

107 1628 180 1678 mus‘l
197 1627 268 1682 Quid,
282 1634 310 1676 ut
319 1626 365 1688 ipsi
387 1628 467 1675 locum
482 1628 623 1687 assentandi
648 1629 764 1676 Romanis
787 1630 878 1678 habea-

107 1712 162 1749 mus
174 1697 218 1761 (8),
231 1702 356 1759 suspectos
373 1697 433 1746 alios
454 1704 479 1747 et
490 1699 583 1748 invisos
595 1699 732 1748 efficimus?
743 1699 768 1747 Si
786 1700 880 1749 bellum

107 1768 165 1825 erit,
178 1782 210 1816 ne
222 1768 325 1817 Perseus
335 1767 435 1830 quidem
447 1767 545 1816 dubitat
556 1770 618 1832 quin
632 1770 753 1818 Romanos
768 1771 880 1819 secuturi

107 1840 186 1890 simus
197 1854 203 1884 ε
216 1837 242 1887 in
255 1851 323 1900 pace,
343 1838 440 1887 etiamsi
461 1852 512 1886 non
531 1839 662 1896 finiuntur,
680 1839 736 1888 odia
753 1841 879 1889 intermit-

106 1915 213 1961 tantur.·
457 1910 459 1916 '

107 2053 158 2086 sens
172 2042 208 2083 m.
219 2040 275 2084 -e
296 2038 426 2084 oblimare
441 2040 480 2082 ae·
508 2041 556 2095 (ces
574 2041 641 2084 nvi-es
658 2042 683 2085 n
706 2042 717 2084 a
736 2043 763 2087 aa
780 2044 807 2087 ue
821 2043 881 2088 rue⁴
906 2030 916 2048 ³

108 2103 209 2146 hauriat.
218 2101 257 2145 Ges
264 2108 327 2155 muts,
337 2116 365 2146 ou
372 2104 480 2158 quelques
506 2104 557 2146 live
566 2115 594 2145 ne
604 2113 661 2146 nous
670 2108 708 2146 ont
720 2103 753 2147 ete
763 2107 880 2150 conserves

108 2164 480 2218 motsdquivalents,ontdteomis
507 2177 550 2220 que
575 2177 614 2220 par
637 2178 667 2208 uu
690 2167 739 2210 seul
759 2170 880 2211 manuscrit

110 2238 149 2281 par
165 2226 186 2268 le
204 2228 294 2281 copistc,
308 2226 321 2269 a
336 2240 401 2271 causo
417 2229 443 2271 dc
459 2228 479 2270 la
507 2225 675 2270 souventtautil
682 2239 688 2270 :
699 2227 752 2271 c’est
762 2232 878 2285 pourquoi,

108 2289 269 2333 ressemhlance
294 2302 347 2332 avec
373 2291 478 2344 suerunt.
506 2287 561 2329 dans
575 2292 632 2331 cette
648 2289 727 2343 partie,
738 2300 766 2331 on
786 2294 819 2332 est
836 2289 880 2333 fre·

108 2350 195 2393 Crevier
205 2351 314 2406 proposcit
323 2350 428 2394 obliuisci
441 2351 479 2394 dc·
506 2356 635 2404 quemmeut
643 2349 716 2405 ohlige
726 2351 753 2394 de
767 2351 823 2394 faire
840 2352 879 2395 des

109 2409 220 2455 daremus.
248 2434 275 2442 -
292 2413 312 2456 5.
332 2413 477 2456 Cenchreis...
506 2411 655 2466 corrections.)
666 2413 686 2456 l.
701 2412 742 2464 aa·
758 2413 774 2456 il
784 2413 879 2456 faudrait

108 2473 202 2525 dictem,
212 2486 277 2529 vopea
286 2473 307 2516 le
319 2473 420 2517 discours
428 2474 476 2524 cll,
505 2473 615 2527 peut-etro
640 2487 703 2530 rayer
728 2488 753 2518 ce
779 2480 832 2517 mot.
852 2499 878 2506 -

109 2538 191 2579 nctes5
201 2542 223 2578 et
231 2536 280 2580 8.-
288 2537 309 2580 6.
326 2536 354 2579 Id
370 2540 429 2579 erat.
447 2536 476 2578 On
505 2533 524 2576 8.
536 2535 618 2578 Locum
631 2535 718 2580 dobere
732 2536 877 2586 mactandi,

109 2596 282 2651 lisaitjusqu’ici
299 2597 325 2641 id
341 2599 477 2654 quoderat,·
506 2599 575 2650 avoir,
594 2599 647 2642 dans
666 2611 689 2642 sa
711 2600 813 2654 position,
839 2600 878 2642 des

109 2658 164 2699 mais
180 2658 195 2698 il
212 2664 245 2699 est
259 2658 323 2702 facile
340 2660 423 2703 devoir
436 2671 479 2715 que
506 2661 592 2703 raisons
616 2671 672 2714 pour
696 2661 769 2704 {latter
786 2661 818 2704 les
837 2661 880 2704 Ro-

86 2745 88 2750 ·
108 2717 479 2776 quodnepeuttrouverplaceici.
508 2723 586 2765 mains.
611 2721 646 2775 m,
675 2722 783 2780 (suppose)
809 2736 877 2780 que...
