1904 3216
331 224 369 274 [X
384 225 454 275 nttll
471 225 558 276 LIBRO
575 223 612 273 tl.
826 222 857 271 ot

88 339 169 399 nitios,
184 337 298 387 nousine
308 339 402 391 honore
411 345 517 398 tantum,
531 338 657 387 sedetiam
670 336 723 385 sine
734 337 860 397 spehono-

87 410 119 460 ris
134 409 275 470 relinquat.
290 408 396 458 Proinde
408 409 455 472 ipsi
469 409 579 472 primum
588 413 722 458 statuerent
732 407 792 469 opud
807 405 859 454 ani-

87 494 135 530 mos
148 480 213 542 quid
226 479 325 535 vellent,
334 479 423 529 deiude
434 479 540 529 comitiis
554 477 692 527 tribunitiis
705 477 860 525 declararent

86 552 248 600 voluntatem.
265 548 289 598 Si
297 549 427 612 conjuncte
434 548 495 599 terri
505 550 570 599 abso
580 550 746 611 promulgatas
755 549 860 607 rogatio-

86 635 127 670 nes
140 621 245 678 vellent,
256 633 309 670 esse
319 619 492 681 qnodeosdem
504 619 635 668 reticerent
647 618 757 666 triennes
765 617 858 678 plebis;

87 693 229 754 perlaturos
243 691 311 740 enim
322 704 379 752 quae
394 690 620 753 promulgaverint:
632 691 680 744 sin,
695 686 860 750 quodcuique

88 765 164 825 privat
178 776 205 810 m
220 775 284 823 opus
298 760 340 814 sit,
353 760 378 810 id
393 761 466 809 modo
475 760 552 822 accipi
563 759 650 816 velint,
660 771 722 821 opus
733 757 858 806 essenihil

87 833 208 882 invidiosa
217 831 404 881 continuatione
414 830 529 888 horroris;
542 843 587 878 nee
597 843 623 878 se
632 828 799 884 tribunatum,
813 839 859 875 neo

88 903 140 952 illos
152 916 184 952 en
200 915 258 964 quae
267 902 421 963 promulgata
429 901 489 959 sint,
501 900 638 949 habituros.

450 1052 502 1105 llll

87 1179 142 1242 Cap.
159 1179 193 1228 tu
211 1185 237 1228 et
254 1192 307 1242 seq.
324 1178 409 1229 Oratio
424 1178 502 1244 Appii
519 1178 622 1230 Claudii
635 1183 722 1227 contra
738 1176 858 1228 Tribunos

209 1248 292 1312 pletis
303 1249 385 1314 leptim
397 1249 489 1299 lateret
501 1255 526 1299 et
537 1249 564 1297 in
575 1249 639 1314 tepea
652 1251 731 1313 ipsae.

111 1372 130 1414 l.
137 1371 166 1413 la
178 1368 266 1413 iamille
275 1369 378 1425 d'lppius
387 1370 471 1415 a-telle
481 1371 580 1414 consulti
589 1371 689 1426 toulours
698 1370 793 1414 l’interet
802 1371 829 1415 (lc
836 1371 858 1415 lo

87 1431 233 1487 republiquei
242 1431 285 1474 elle
294 1444 306 1474 a
316 1432 371 1475 donc
380 1432 438 1476 servi
448 1432 507 1476 aussi
518 1433 576 1476 celui
587 1433 617 1475 du
627 1432 713 1488 peuple.
724 1432 775 1475 llais
785 1433 858 1476 taut-tl

88 1495 131 1537 etre
139 1507 169 1536 un
180 1493 265 1548 Appius
278 1504 335 1548 pour
344 1506 368 1537 so
384 1495 483 1550 pleindre
493 1495 523 1538 du
531 1495 624 1551 pouvoir
639 1494 757 1538 souverain
766 1495 805 1537 (les
819 1494 859 1536 tri·

87 1554 140 1598 huns
149 1556 207 1598 dans
217 1554 286 1597 Rome
300 1554 379 1610 depuis
392 1555 448 1599 neui
455 1568 503 1609 ens,
514 1561 537 1599 ct
549 1556 577 1600 do
587 1556 636 1599 leur
645 1561 736 1599 attentat
750 1561 825 1598 corrue
835 1556 857 1598 le

88 1616 163 1660 liberti
173 1617 216 1660 des
225 1614 350 1669 surtragest

116 1732 138 1781 i.
152 1734 241 1794 leque
251 1744 429 1793 novumncque
438 1731 590 1794 inopinatum
605 1736 667 1786 mihi
681 1730 722 1785 sit.
738 1730 856 1788 Quirites,

86 1804 114 1862 si,
127 1804 197 1867 quod
219 1816 299 1852 unum
312 1802 412 1852 familiae
425 1809 517 1852 nostre
529 1802 560 1860 tl)
573 1817 670 1864 seniper
683 1803 807 1865 objectum
820 1810 858 1852 est

87 1876 115 1923 ab
125 1872 379 1927 seditiosistribunis,
390 1873 415 1920 id
427 1886 494 1922 nunc
505 1886 653 1935 egoquoque
661 1873 761 1937 audium
775 1911 778 1920 .
789 1874 859 1922 Clau-

87 1946 132 1993 diae
146 1943 277 2006 gentijatu
285 1943 343 1992 inde
353 1944 383 1991 ab
395 1943 466 1993 initio
477 1945 540 1993 nihil
551 1943 678 2006 antiquius
690 1943 716 1992 in
731 1945 858 2006 republica

87 2017 190 2066 Petrum
215 2015 344 2078 nroJ'estate
360 2015 451 2074 luisse3
470 2029 567 2077 semper
578 2016 658 2077 plebis
670 2016 805 2064 commotis
817 2016 858 2064 ad·

88 2094 198 2137 versatos
211 2100 273 2135 esse.
289 2085 399 2142 Quorum
414 2087 522 2135 alterurn
537 2099 618 2146 neque
632 2100 703 2148 nego,
717 2086 859 2148 neqneinll-

88 2159 133 2207 tias
148 2172 178 2206 eo
188 2158 235 2222 ill:
251 2170 306 2207 nos.
319 2169 349 2204 ex
358 2169 407 2217 quo
418 2155 488 2205 asciti
509 2169 597 2204 sumus
611 2156 684 2204 simul
695 2156 722 2204 in
731 2157 858 2205 civitatem

87 2234 111 2276 et
127 2229 215 2276 Patres
227 2224 273 2287 (3),
288 2225 581 2286 enixeoperamdedisse,
592 2232 619 2273 ut
627 2239 671 2287 per
683 2239 728 2275 nos
737 2234 807 2275 aucto
815 2239 859 2289 po

87 2299 137 2347 tius
151 2310 232 2360 quarn
247 2295 379 2344 imminuta
392 2297 506 2357 majestas
516 2310 601 2344 earum
614 2297 726 2357 gentium
740 2298 773 2355 tlt
792 2297 859 2347 inter

88 2383 148 2430 quas
164 2381 210 2415 nos
226 2380 281 2415 esse
295 2365 413 2422 uoluistis.
432 2365 481 2414 dici
496 2378 553 2414 vere
565 2370 656 2423 posset.
671 2367 733 2415 illud
752 2368 855 2420 alterurn

88 2451 132 2500 pro
144 2451 185 2487 me
202 2435 388 2498 majoribusque
403 2436 465 2484 meis
477 2435 626 2484 contendere
638 2437 726 2493 ausim,
741 2436 854 2495 Quirites,

89 2509 148 2573 (nisi
160 2523 218 2571 qun
228 2521 273 2570 pro
281 2507 394 2556 universa
401 2506 528 2568 republica
538 2509 606 2564 liant,
621 2521 650 2555 ea
660 2508 725 2569 plebi
740 2516 856 2570 tanquam

87 2580 161 2629 aliam
185 2576 304 2627 incolenti
326 2577 412 2626 urbem
433 2576 533 2625 aduersa
552 2577 609 2639 quis
631 2581 717 2639 putent
736 2580 796 2627 nihil
815 2593 856 2630 nus

114 2702 168 2747 litt.
193 2704 214 2746 1.
239 2700 345 2744 familia
365 2703 459 2744 nostra.
490 2700 530 2743 ohe
541 2701 731 2754 postulor—3.
746 2702 821 2745 Simul
833 2703 857 2744 in

89 2765 202 2810 L'orateur
220 2763 274 2806 otait
289 2763 310 2806 le
326 2762 463 2818 petit-filstlu
490 2760 609 2804 civitatem
620 2764 642 2803 et
657 2761 744 2805 Patres.
761 2763 826 2817 lopez
837 2762 857 2805 la

89 2827 201 2871 decemvir
215 2824 296 2880 Appius
314 2824 423 2868 Claudius.
438 2847 463 2856 -
489 2828 539 2865 nole
558 2824 572 2866 5
593 2824 623 2866 du
642 2823 695 2866 Dise.
715 2824 773 2867 XXX.
793 2848 819 2856 -
832 2825 855 2868 l.

89 2889 109 2933 2
122 2890 198 2944 Neque
210 2897 268 2943 nepo
281 2898 355 2942 treptie
372 2884 464 2940 infitior
490 2884 606 2938 Gentium,
615 2885 866 2944 lamillesnoltlesflor.

90 2945 460 3005 eo‚1'eucnieposetj0neenert·
485 2945 506 2993 lo
524 2956 576 2996 noto
592 2951 608 2998 2
627 2951 660 2999 <lu
679 2951 739 2998 ltine.
758 2951 836 2996 llll.
851 2973 879 2984 -
