<?xml version="1.0" encoding="UTF-8"?>
<!DOCTYPE html PUBLIC "-//W3C//DTD XHTML 1.0 Transitional//EN"
    "http://www.w3.org/TR/xhtml1/DTD/xhtml1-transitional.dtd">
<html xmlns="http://www.w3.org/1999/xhtml" xml:lang="en" lang="en">
 <head>
  <title>
</title>
<meta http-equiv="Content-Type" content="text/html;charset=utf-8" />
  <meta name='ocr-system' content='tesseract 3.04.00' />
  <meta name='ocr-capabilities' content='ocr_page ocr_carea ocr_par ocr_line ocrx_word'/>
</head>
<body>
  <div class='ocr_page' id='page_1' title='image "./concionessiveor00unkngoog_0155.png"; bbox 0 0 1904 3216; ppageno 0'>
   <div class='ocr_carea' id='block_1_1' title="bbox 128 163 596 214">
    <p class='ocr_par' dir='ltr' id='par_1_1' title="bbox 128 163 596 214">
     <span class='ocr_line' id='line_1_1' title="bbox 128 163 596 214; baseline 0 -1"><span class='ocrx_word' id='word_1_1' title='bbox 128 166 176 214; x_wconf 77' lang='lat' dir='ltr'><strong>tlt</strong></span> <span class='ocrx_word' id='word_1_2' title='bbox 437 163 596 213; x_wconf 79' lang='lat' dir='ltr'><strong>omtlotlus</strong></span> 
     </span>
    </p>
   </div>
   <div class='ocr_carea' id='block_1_2' title="bbox 131 276 945 1452">
    <p class='ocr_par' dir='ltr' id='par_1_2' title="bbox 131 276 945 1452">
     <span class='ocr_line' id='line_1_2' title="bbox 131 276 900 341; baseline 0 -11"><span class='ocrx_word' id='word_1_3' title='bbox 131 295 157 331; x_wconf 84' lang='lat' dir='ltr'><strong>se</strong></span> <span class='ocrx_word' id='word_1_4' title='bbox 173 279 220 341; x_wconf 88' lang='lat' dir='ltr'><strong>ipsi</strong></span> <span class='ocrx_word' id='word_1_5' title='bbox 234 281 309 330; x_wconf 81' lang='lat' dir='ltr'><strong>tutati</strong></span> <span class='ocrx_word' id='word_1_6' title='bbox 323 279 388 327; x_wconf 79' lang='lat' dir='ltr'><strong>vallo</strong></span> <span class='ocrx_word' id='word_1_7' title='bbox 400 283 459 326; x_wconf 87' lang='lat' dir='ltr'><strong>sunt</strong></span> <span class='ocrx_word' id='word_1_8' title='bbox 468 277 589 326; x_wconf 81' lang='lat' dir='ltr'><strong>:tandem</strong></span> <span class='ocrx_word' id='word_1_9' title='bbox 600 276 687 326; x_wconf 80' lang='lat' dir='ltr'><strong>ultimo</strong></span> <span class='ocrx_word' id='word_1_10' title='bbox 708 277 762 326; x_wconf 82' lang='lat' dir='ltr'><strong>ausi</strong></span> <span class='ocrx_word' id='word_1_11' title='bbox 782 278 900 341; x_wconf 76' lang='lat' dir='ltr'>passique</span> 
     </span>
     <span class='ocr_line' id='line_1_3' title="bbox 131 346 901 412; baseline -0.003 -13"><span class='ocrx_word' id='word_1_12' title='bbox 131 363 209 412; x_wconf 85' lang='lat' dir='ltr'><strong>quum</strong></span> <span class='ocrx_word' id='word_1_13' title='bbox 226 350 309 399; x_wconf 88' lang='lat' dir='ltr'><strong>omnia</strong></span> <span class='ocrx_word' id='word_1_14' title='bbox 326 347 434 396; x_wconf 84' lang='lat' dir='ltr'><strong>subsidio</strong></span> <span class='ocrx_word' id='word_1_15' title='bbox 452 346 509 395; x_wconf 80' lang='lat' dir='ltr'><strong>vitae</strong></span> <span class='ocrx_word' id='word_1_16' title='bbox 526 348 649 403; x_wconf 83' lang='lat' dir='ltr'><strong>abessent,</strong></span> <span class='ocrx_word' id='word_1_17' title='bbox 674 347 818 408; x_wconf 85' lang='lat' dir='ltr'><strong>allectisque</strong></span> <span class='ocrx_word' id='word_1_18' title='bbox 836 349 901 398; x_wconf 79' lang='lat' dir='ltr'><strong>inme</strong></span> 
     </span>
     <span class='ocr_line' id='line_1_4' title="bbox 131 415 901 480; baseline 0.004 -16"><span class='ocrx_word' id='word_1_19' title='bbox 131 418 225 468; x_wconf 85' lang='lat' dir='ltr'><strong>viribus</strong></span> <span class='ocrx_word' id='word_1_20' title='bbox 244 432 312 467; x_wconf 80' lang='lat' dir='ltr'><strong>arma</strong></span> <span class='ocrx_word' id='word_1_21' title='bbox 325 418 377 480; x_wconf 73' lang='lat' dir='ltr'><strong>¹iam</strong></span> <span class='ocrx_word' id='word_1_22' title='bbox 399 415 522 464; x_wconf 84' lang='lat' dir='ltr'><strong>sustinere</strong></span> <span class='ocrx_word' id='word_1_23' title='bbox 545 416 689 478; x_wconf 73' lang='lat' dir='ltr'><strong>nequirent,</strong></span> <span class='ocrx_word' id='word_1_24' title='bbox 715 417 901 467; x_wconf 81' lang='lat' dir='ltr'><strong>necessitatibus</strong></span> 
     </span>
     <span class='ocr_line' id='line_1_5' title="bbox 131 486 902 548; baseline -0.001 -11"><span class='ocrx_word' id='word_1_25' title='bbox 131 489 208 546; x_wconf 71' lang='lat' dir='ltr'><strong>magis</strong></span> <span class='ocrx_word' id='word_1_26' title='bbox 216 489 332 538; x_wconf 80' lang='lat' dir='ltr'><strong>humanis</strong></span> <span class='ocrx_word' id='word_1_27' title='bbox 343 499 418 548; x_wconf 80' lang='lat' dir='ltr'><strong>quam</strong></span> <span class='ocrx_word' id='word_1_28' title='bbox 429 486 505 535; x_wconf 80' lang='lat' dir='ltr'><strong>armis</strong></span> <span class='ocrx_word' id='word_1_29' title='bbox 513 486 573 535; x_wconf 86' lang='lat' dir='ltr'><strong>victi</strong></span> <span class='ocrx_word' id='word_1_30' title='bbox 586 492 653 535; x_wconf 89' lang='lat' dir='ltr'><strong>sunt.</strong></span> <span class='ocrx_word' id='word_1_31' title='bbox 666 486 725 535; x_wconf 87' lang='lat' dir='ltr'><strong>Orto</strong></span> <span class='ocrx_word' id='word_1_32' title='bbox 737 489 788 536; x_wconf 91' lang='lat' dir='ltr'><strong>sole</strong></span> <span class='ocrx_word' id='word_1_33' title='bbox 802 488 832 535; x_wconf 83' lang='lat' dir='ltr'><strong>ab</strong></span> <span class='ocrx_word' id='word_1_34' title='bbox 844 488 902 536; x_wconf 83' lang='lat' dir='ltr'><strong>hos-</strong></span> 
     </span>
     <span class='ocr_line' id='line_1_6' title="bbox 131 557 901 614; baseline -0.001 -5"><span class='ocrx_word' id='word_1_35' title='bbox 131 560 197 610; x_wconf 84' lang='lat' dir='ltr'><strong>tibus</strong></span> <span class='ocrx_word' id='word_1_36' title='bbox 206 558 238 608; x_wconf 80' lang='lat' dir='ltr'><strong>ad</strong></span> <span class='ocrx_word' id='word_1_37' title='bbox 248 560 338 608; x_wconf 78' lang='lat' dir='ltr'><strong>vallum</strong></span> <span class='ocrx_word' id='word_1_38' title='bbox 347 570 472 606; x_wconf 80' lang='lat' dir='ltr'><strong>accessum</strong></span> <span class='ocrx_word' id='word_1_39' title='bbox 481 564 550 606; x_wconf 81' lang='lat' dir='ltr'><strong>:ente</strong></span> <span class='ocrx_word' id='word_1_40' title='bbox 558 557 692 606; x_wconf 84' lang='lat' dir='ltr'><strong>secundam</strong></span> <span class='ocrx_word' id='word_1_41' title='bbox 699 558 795 614; x_wconf 87' lang='lat' dir='ltr'><strong>horam,</strong></span> <span class='ocrx_word' id='word_1_42' title='bbox 806 559 901 608; x_wconf 84' lang='lat' dir='ltr'><strong>nullam</strong></span> 
     </span>
     <span class='ocr_line' id='line_1_7' title="bbox 133 626 903 691; baseline -0.003 -13"><span class='ocrx_word' id='word_1_43' title='bbox 133 631 256 679; x_wconf 81' lang='lat' dir='ltr'><strong>fortunam</strong></span> <span class='ocrx_word' id='word_1_44' title='bbox 274 627 418 677; x_wconf 77' lang='lat' dir='ltr'><strong>certaminis</strong></span> <span class='ocrx_word' id='word_1_45' title='bbox 429 626 773 690; x_wconf 82' lang='lat' dir='ltr'><strong>experti‚trudideruntarmc</strong></span> <span class='ocrx_word' id='word_1_46' title='bbox 786 641 815 677; x_wconf 81' lang='lat' dir='ltr'><strong>ac</strong></span> <span class='ocrx_word' id='word_1_47' title='bbox 826 642 854 677; x_wconf 89' lang='lat' dir='ltr'><strong>so</strong></span> <span class='ocrx_word' id='word_1_48' title='bbox 864 629 903 691; x_wconf 92' lang='lat' dir='ltr'><strong>ip-</strong></span> 
     </span>
     <span class='ocr_line' id='line_1_8' title="bbox 132 697 901 760; baseline -0.001 -12"><span class='ocrx_word' id='word_1_49' title='bbox 132 712 180 748; x_wconf 82' lang='lat' dir='ltr'><strong>sos.</strong></span> <span class='ocrx_word' id='word_1_50' title='bbox 192 700 248 749; x_wconf 88' lang='lat' dir='ltr'><strong>llaec</strong></span> <span class='ocrx_word' id='word_1_51' title='bbox 257 697 326 746; x_wconf 80' lang='lat' dir='ltr'><strong>vobis</strong></span> <span class='ocrx_word' id='word_1_52' title='bbox 341 698 454 760; x_wconf 85' lang='lat' dir='ltr'><strong>ipsorum</strong></span> <span class='ocrx_word' id='word_1_53' title='bbox 467 711 511 760; x_wconf 88' lang='lat' dir='ltr'><strong>per</strong></span> <span class='ocrx_word' id='word_1_54' title='bbox 521 697 625 746; x_wconf 84' lang='lat' dir='ltr'>biduum</span> <span class='ocrx_word' id='word_1_55' title='bbox 637 697 726 746; x_wconf 82' lang='lat' dir='ltr'><strong>militia</strong></span> <span class='ocrx_word' id='word_1_56' title='bbox 736 698 786 747; x_wconf 84' lang='lat' dir='ltr'><strong>luit</strong></span> <span class='ocrx_word' id='word_1_57' title='bbox 800 713 806 746; x_wconf 91' lang='lat'>:</span> <span class='ocrx_word' id='word_1_58' title='bbox 821 711 901 759; x_wconf 89' lang='lat' dir='ltr'><strong>quum</strong></span> 
     </span>
     <span class='ocr_line' id='line_1_9' title="bbox 133 767 902 830; baseline 0.001 -13"><span class='ocrx_word' id='word_1_59' title='bbox 133 771 158 818; x_wconf 94' lang='lat' dir='ltr'><strong>in</strong></span> <span class='ocrx_word' id='word_1_60' title='bbox 170 770 222 819; x_wconf 86' lang='lat' dir='ltr'><strong>acie</strong></span> <span class='ocrx_word' id='word_1_61' title='bbox 233 775 300 819; x_wconf 81' lang='lat' dir='ltr'><strong>stare</strong></span> <span class='ocrx_word' id='word_1_62' title='bbox 316 781 344 817; x_wconf 80' lang='lat' dir='ltr'><strong>ec</strong></span> <span class='ocrx_word' id='word_1_63' title='bbox 357 781 471 830; x_wconf 79' lang='lat' dir='ltr'><strong>pugnare·</strong></span> <span class='ocrx_word' id='word_1_64' title='bbox 480 767 607 826; x_wconf 80' lang='lat' dir='ltr'><strong>decuerat,</strong></span> <span class='ocrx_word' id='word_1_65' title='bbox 623 774 678 817; x_wconf 93' lang='lat' dir='ltr'><strong>tum</strong></span> <span class='ocrx_word' id='word_1_66' title='bbox 696 768 723 816; x_wconf 90' lang='lat' dir='ltr'><strong>in</strong></span> <span class='ocrx_word' id='word_1_67' title='bbox 737 773 818 817; x_wconf 82' lang='lat' dir='ltr'><strong>castra</strong></span> <span class='ocrx_word' id='word_1_68' title='bbox 831 769 902 818; x_wconf 88' lang='lat' dir='ltr'><strong>relu-</strong></span> 
     </span>
     <span class='ocr_line' id='line_1_10' title="bbox 132 837 902 902; baseline -0.001 -12"><span class='ocrx_word' id='word_1_69' title='bbox 132 847 239 902; x_wconf 83' lang='lat' dir='ltr'><strong>gerunt;</strong></span> <span class='ocrx_word' id='word_1_70' title='bbox 255 853 334 902; x_wconf 89' lang='lat' dir='ltr'><strong>quum</strong></span> <span class='ocrx_word' id='word_1_71' title='bbox 344 851 391 901; x_wconf 88' lang='lat' dir='ltr'><strong>pro</strong></span> <span class='ocrx_word' id='word_1_72' title='bbox 405 837 466 887; x_wconf 82' lang='lat' dir='ltr'><strong>vello</strong></span> <span class='ocrx_word' id='word_1_73' title='bbox 475 838 637 901; x_wconf 81' lang='lat' dir='ltr'><strong>pugnandum</strong></span> <span class='ocrx_word' id='word_1_74' title='bbox 651 845 714 895; x_wconf 83' lang='lat' dir='ltr'><strong>erat,</strong></span> <span class='ocrx_word' id='word_1_75' title='bbox 732 845 812 889; x_wconf 82' lang='lat' dir='ltr'><strong>castra</strong></span> <span class='ocrx_word' id='word_1_76' title='bbox 822 840 902 890; x_wconf 82' lang='lat' dir='ltr'><strong>tradi-</strong></span> 
     </span>
     <span class='ocr_line' id='line_1_11' title="bbox 132 908 902 973; baseline 0.001 -13"><span class='ocrx_word' id='word_1_77' title='bbox 132 911 230 969; x_wconf 76' lang='lat' dir='ltr'><strong>dcrunt,</strong></span> <span class='ocrx_word' id='word_1_78' title='bbox 242 923 324 973; x_wconf 86' lang='lat' dir='ltr'><strong>neque</strong></span> <span class='ocrx_word' id='word_1_79' title='bbox 332 908 359 959; x_wconf 92' lang='lat' dir='ltr'><strong>iu</strong></span> <span class='ocrx_word' id='word_1_80' title='bbox 374 908 427 959; x_wconf 79' lang='lat' dir='ltr'><strong>acie</strong></span> <span class='ocrx_word' id='word_1_81' title='bbox 443 922 525 972; x_wconf 80' lang='lat' dir='ltr'><strong>neque</strong></span> <span class='ocrx_word' id='word_1_82' title='bbox 541 909 666 959; x_wconf 82' lang='lat' dir='ltr'><strong>incastris</strong></span> <span class='ocrx_word' id='word_1_83' title='bbox 681 909 763 960; x_wconf 79' lang='lat' dir='ltr'><strong>utiles.</strong></span> <span class='ocrx_word' id='word_1_84' title='bbox 775 909 820 959; x_wconf 83' lang='lat' dir='ltr'><strong>Vos</strong></span> <span class='ocrx_word' id='word_1_85' title='bbox 832 911 902 961; x_wconf 83' lang='lat' dir='ltr'><strong>redi-</strong></span> 
     </span>
     <span class='ocr_line' id='line_1_12' title="bbox 132 979 900 1043; baseline 0.003 -14"><span class='ocrx_word' id='word_1_86' title='bbox 132 982 216 1029; x_wconf 74' lang='lat' dir='ltr'><strong>mam?</strong></span> <span class='ocrx_word' id='word_1_87' title='bbox 228 993 307 1043; x_wconf 89' lang='lat' dir='ltr'><strong>quum</strong></span> <span class='ocrx_word' id='word_1_88' title='bbox 321 992 454 1042; x_wconf 79' lang='lat' dir='ltr'><strong>erumpere</strong></span> <span class='ocrx_word' id='word_1_89' title='bbox 471 980 559 1030; x_wconf 75' lang='lat' dir='ltr'><strong>cestris</strong></span> <span class='ocrx_word' id='word_1_90' title='bbox 574 987 681 1042; x_wconf 78' lang='lat' dir='ltr'><strong>oportet,</strong></span> <span class='ocrx_word' id='word_1_91' title='bbox 703 979 855 1030; x_wconf 78' lang='lat' dir='ltr'><strong>cunctamini</strong></span> <span class='ocrx_word' id='word_1_92' title='bbox 872 995 900 1031; x_wconf 82' lang='lat' dir='ltr'><strong>ac</strong></span> 
     </span>
     <span class='ocr_line' id='line_1_13' title="bbox 132 1049 901 1112; baseline 0 -13"><span class='ocrx_word' id='word_1_93' title='bbox 132 1049 237 1099; x_wconf 79' lang='lat' dir='ltr'><strong>manetis</strong></span> <span class='ocrx_word' id='word_1_94' title='bbox 251 1062 345 1112; x_wconf 90' lang='lat' dir='ltr'><strong>:quum</strong></span> <span class='ocrx_word' id='word_1_95' title='bbox 354 1062 464 1099; x_wconf 83' lang='lat' dir='ltr'><strong>mouere.</strong></span> <span class='ocrx_word' id='word_1_96' title='bbox 476 1056 556 1099; x_wconf 81' lang='lat' dir='ltr'><strong>cestre</strong></span> <span class='ocrx_word' id='word_1_97' title='bbox 564 1050 641 1100; x_wconf 82' lang='lat' dir='ltr'><strong>tutari</strong></span> <span class='ocrx_word' id='word_1_98' title='bbox 654 1051 731 1100; x_wconf 81' lang='lat' dir='ltr'><strong>ermis</strong></span> <span class='ocrx_word' id='word_1_99' title='bbox 744 1063 843 1100; x_wconf 87' lang='lat' dir='ltr'><strong>neccsse</strong></span> <span class='ocrx_word' id='word_1_100' title='bbox 855 1058 901 1107; x_wconf 76' lang='lat' dir='ltr'><strong>est,</strong></span> 
     </span>
     <span class='ocr_line' id='line_1_14' title="bbox 133 1119 902 1182; baseline 0 -12"><span class='ocrx_word' id='word_1_101' title='bbox 133 1126 158 1170; x_wconf 87' lang='lat' dir='ltr'><strong>et</strong></span> <span class='ocrx_word' id='word_1_102' title='bbox 170 1125 249 1170; x_wconf 78' lang='lat' dir='ltr'><strong>costra</strong></span> <span class='ocrx_word' id='word_1_103' title='bbox 264 1126 289 1170; x_wconf 89' lang='lat' dir='ltr'><strong>et</strong></span> <span class='ocrx_word' id='word_1_104' title='bbox 308 1132 377 1169; x_wconf 79' lang='lat' dir='ltr'><strong>ormo</strong></span> <span class='ocrx_word' id='word_1_105' title='bbox 395 1126 420 1169; x_wconf 87' lang='lat' dir='ltr'><strong>et</strong></span> <span class='ocrx_word' id='word_1_106' title='bbox 439 1133 481 1169; x_wconf 83' lang='lat' dir='ltr'><strong>vos</strong></span> <span class='ocrx_word' id='word_1_107' title='bbox 496 1119 562 1182; x_wconf 82' lang='lat' dir='ltr'><strong>ipsos</strong></span> <span class='ocrx_word' id='word_1_108' title='bbox 576 1120 674 1170; x_wconf 81' lang='lat' dir='ltr'><strong>truditis</strong></span> <span class='ocrx_word' id='word_1_109' title='bbox 690 1121 770 1170; x_wconf 89' lang='lat' dir='ltr'><strong>hostil</strong></span> <span class='ocrx_word' id='word_1_110' title='bbox 785 1121 836 1182; x_wconf 82' lang='lat' dir='ltr'><strong>Ego</strong></span> <span class='ocrx_word' id='word_1_111' title='bbox 852 1135 902 1170; x_wconf 88' lang='lat' dir='ltr'><strong>nou</strong></span> 
     </span>
     <span class='ocr_line' id='line_1_15' title="bbox 134 1190 902 1252; baseline 0 -12"><span class='ocrx_word' id='word_1_112' title='bbox 134 1192 212 1250; x_wconf 69' lang='lat' dir='ltr'><strong>magis</strong></span> <span class='ocrx_word' id='word_1_113' title='bbox 222 1193 281 1241; x_wconf 82' lang='lat' dir='ltr'><strong>istos</strong></span> <span class='ocrx_word' id='word_1_114' title='bbox 290 1190 457 1247; x_wconf 78' lang='lat' dir='ltr'><strong>redimendos,</strong></span> <span class='ocrx_word' id='word_1_115' title='bbox 466 1191 548 1240; x_wconf 74' lang='lat' dir='ltr'><strong>Patres</strong></span> <span class='ocrx_word' id='word_1_116' title='bbox 557 1190 703 1252; x_wconf 83' lang='lat' dir='ltr'><strong>Gonscripti,</strong></span> <span class='ocrx_word' id='word_1_117' title='bbox 717 1205 815 1247; x_wconf 84' lang='lat' dir='ltr'><strong>censeo,</strong></span> <span class='ocrx_word' id='word_1_118' title='bbox 826 1205 902 1252; x_wconf 81' lang='lat' dir='ltr'><strong>quum</strong></span> 
     </span>
     <span class='ocr_line' id='line_1_16' title="bbox 134 1259 945 1323; baseline 0 -13"><span class='ocrx_word' id='word_1_119' title='bbox 134 1261 189 1310; x_wconf 91' lang='lat' dir='ltr'><strong>illos</strong></span> <span class='ocrx_word' id='word_1_120' title='bbox 200 1260 330 1311; x_wconf 70' lang='lat' dir='ltr'><strong>dedendos</strong></span> <span class='ocrx_word' id='word_1_121' title='bbox 345 1260 486 1317; x_wconf 78' lang='lat' dir='ltr'><strong>Hannibali,</strong></span> <span class='ocrx_word' id='word_1_122' title='bbox 500 1259 543 1322; x_wconf 89' lang='lat' dir='ltr'><strong>qui</strong></span> <span class='ocrx_word' id='word_1_123' title='bbox 554 1274 599 1323; x_wconf 88' lang='lat' dir='ltr'><strong>per</strong></span> <span class='ocrx_word' id='word_1_124' title='bbox 609 1260 703 1310; x_wconf 85' lang='lat' dir='ltr'><strong>medios</strong></span> <span class='ocrx_word' id='word_1_125' title='bbox 716 1261 799 1309; x_wconf 88' lang='lat' dir='ltr'><strong>hostes</strong></span> <span class='ocrx_word' id='word_1_126' title='bbox 813 1273 827 1308; x_wconf 93' lang='lat' dir='ltr'><strong>e</strong></span> <span class='ocrx_word' id='word_1_127' title='bbox 845 1275 902 1310; x_wconf 84' lang='lat' dir='ltr'><strong>cas-</strong></span> <span class='ocrx_word' id='word_1_128' title='bbox 942 1261 945 1268; x_wconf 74' lang='grc'>“</span> 
     </span>
     <span class='ocr_line' id='line_1_17' title="bbox 133 1329 902 1393; baseline 0 -13"><span class='ocrx_word' id='word_1_129' title='bbox 133 1331 333 1393; x_wconf 71' lang='lat' dir='ltr'><strong>uisci-morunt,</strong></span> <span class='ocrx_word' id='word_1_130' title='bbox 348 1344 378 1379; x_wconf 81' lang='lat' dir='ltr'><strong>oc</strong></span> <span class='ocrx_word' id='word_1_131' title='bbox 387 1343 432 1390; x_wconf 90' lang='lat' dir='ltr'><strong>per</strong></span> <span class='ocrx_word' id='word_1_132' title='bbox 442 1342 563 1379; x_wconf 84' lang='lat' dir='ltr'><strong>summam</strong></span> <span class='ocrx_word' id='word_1_133' title='bbox 579 1329 697 1377; x_wconf 85' lang='lat' dir='ltr'><strong>virtutem</strong></span> <span class='ocrx_word' id='word_1_134' title='bbox 711 1343 738 1379; x_wconf 87' lang='lat' dir='ltr'><strong>se</strong></span> <span class='ocrx_word' id='word_1_135' title='bbox 751 1329 837 1392; x_wconf 73' lang='lat' dir='ltr'><strong>patriae</strong></span> <span class='ocrx_word' id='word_1_136' title='bbox 847 1343 902 1380; x_wconf 84' lang='lat' dir='ltr'><strong>res·</strong></span> 
     </span>
     <span class='ocr_line' id='line_1_18' title="bbox 135 1403 525 1452; baseline -0.005 -1"><span class='ocrx_word' id='word_1_137' title='bbox 135 1403 267 1452; x_wconf 81' lang='lat' dir='ltr'><strong>tituerunt.</strong></span> <span class='ocrx_word' id='word_1_138' title='bbox 524 1410 525 1413; x_wconf 77' lang='grc'>’</span> 
     </span>
    </p>
   </div>
   <div class='ocr_carea' id='block_1_3' title="bbox 338 1630 696 1680">
    <p class='ocr_par' dir='ltr' id='par_1_3' title="bbox 338 1630 696 1680">
     <span class='ocr_line' id='line_1_19' title="bbox 338 1630 696 1680; baseline -0.003 -1"><span class='ocrx_word' id='word_1_139' title='bbox 338 1630 396 1680; x_wconf 82' lang='lat' dir='ltr'><strong>ltx</strong></span> <span class='ocrx_word' id='word_1_140' title='bbox 415 1631 553 1679; x_wconf 69' lang='grc' dir='ltr'><strong>ΜΒΝ</strong></span> <span class='ocrx_word' id='word_1_141' title='bbox 573 1631 696 1678; x_wconf 85' lang='lat' dir='ltr'><strong>xxm</strong></span> 
     </span>
    </p>
   </div>
   <div class='ocr_carea' id='block_1_4' title="bbox 493 1812 544 1862">
    <p class='ocr_par' dir='ltr' id='par_1_4' title="bbox 493 1812 544 1862">
     <span class='ocr_line' id='line_1_20' title="bbox 493 1812 544 1862; baseline -0.02 0"><span class='ocrx_word' id='word_1_142' title='bbox 493 1812 544 1862; x_wconf 83' lang='lat' dir='ltr'><strong>clll</strong></span> 
     </span>
    </p>
   </div>
   <div class='ocr_carea' id='block_1_5' title="bbox 139 1937 905 2075">
    <p class='ocr_par' dir='ltr' id='par_1_5' title="bbox 139 1937 905 2075">
     <span class='ocr_line' id='line_1_21' title="bbox 139 1937 905 2007; baseline -0.007 -16"><span class='ocrx_word' id='word_1_143' title='bbox 139 1941 197 2004; x_wconf 79' lang='lat' dir='ltr'><strong>Gap.</strong></span> <span class='ocrx_word' id='word_1_144' title='bbox 208 1941 232 1990; x_wconf 78' lang='lat'><strong>5.</strong></span> <span class='ocrx_word' id='word_1_145' title='bbox 243 1938 328 1991; x_wconf 82' lang='lat' dir='ltr'><strong>Oratio</strong></span> <span class='ocrx_word' id='word_1_146' title='bbox 346 1939 464 1988; x_wconf 74' lang='lat' dir='ltr'><strong>Varronis</strong></span> <span class='ocrx_word' id='word_1_147' title='bbox 482 1937 592 1986; x_wconf 77' lang='lat' dir='ltr'><strong>conculis</strong></span> <span class='ocrx_word' id='word_1_148' title='bbox 608 1938 643 1986; x_wconf 83' lang='lat' dir='ltr'><strong>ad</strong></span> <span class='ocrx_word' id='word_1_149' title='bbox 657 1937 752 2003; x_wconf 73' lang='lat' dir='ltr'><strong>lepctoc</strong></span> <span class='ocrx_word' id='word_1_150' title='bbox 765 1944 905 2007; x_wconf 78' lang='lat' dir='ltr'><strong>Campano-</strong></span> 
     </span>
     <span class='ocr_line' id='line_1_22' title="bbox 333 2007 709 2075; baseline 0.011 -21"><span class='ocrx_word' id='word_1_151' title='bbox 333 2021 398 2055; x_wconf 83' lang='lat' dir='ltr'><strong>rum.</strong></span> <span class='ocrx_word' id='word_1_152' title='bbox 416 2007 472 2071; x_wconf 78' lang='lat'><strong>(538</strong></span> <span class='ocrx_word' id='word_1_153' title='bbox 486 2007 526 2075; x_wconf 71' lang='lat' dir='ltr'><strong>tt,</strong></span> <span class='ocrx_word' id='word_1_154' title='bbox 538 2007 631 2056; x_wconf 77' lang='lat' dir='ltr'><strong>ttssav.</strong></span> <span class='ocrx_word' id='word_1_155' title='bbox 641 2007 709 2072; x_wconf 65' lang='lat' dir='ltr'><strong>tu.)</strong></span> 
     </span>
    </p>
   </div>
   <div class='ocr_carea' id='block_1_6' title="bbox 138 2124 906 2421">
    <p class='ocr_par' dir='ltr' id='par_1_6' title="bbox 138 2124 906 2421">
     <span class='ocr_line' id='line_1_23' title="bbox 160 2124 905 2178; baseline 0.005 -14"><span class='ocrx_word' id='word_1_156' title='bbox 160 2130 206 2167; x_wconf 80' lang='lat' dir='ltr'><strong>l’ost</strong></span> <span class='ocrx_word' id='word_1_157' title='bbox 215 2129 332 2166; x_wconf 67' lang='lat' dir='ltr'><strong>&amp;anensem</strong></span> <span class='ocrx_word' id='word_1_158' title='bbox 342 2124 518 2178; x_wconf 70' lang='lat' dir='ltr'><strong>cladem.camponi</strong></span> <span class='ocrx_word' id='word_1_159' title='bbox 524 2127 608 2165; x_wconf 84' lang='lat' dir='ltr'><strong>delicere</strong></span> <span class='ocrx_word' id='word_1_160' title='bbox 617 2128 641 2165; x_wconf 85' lang='lat' dir='ltr'><strong>ab</strong></span> <span class='ocrx_word' id='word_1_161' title='bbox 651 2129 740 2167; x_wconf 73' lang='lat' dir='ltr'><strong>Romanis</strong></span> <span class='ocrx_word' id='word_1_162' title='bbox 749 2129 768 2166; x_wconf 92' lang='lat' dir='ltr'><strong>in</strong></span> <span class='ocrx_word' id='word_1_163' title='bbox 775 2129 839 2167; x_wconf 78' lang='lat' dir='ltr'><strong>animo</strong></span> <span class='ocrx_word' id='word_1_164' title='bbox 846 2131 905 2170; x_wconf 78' lang='lat' dir='ltr'><strong>habc-</strong></span> 
     </span>
     <span class='ocr_line' id='line_1_24' title="bbox 138 2171 904 2222; baseline 0.004 -12"><span class='ocrx_word' id='word_1_165' title='bbox 138 2173 193 2212; x_wconf 78' lang='lat' dir='ltr'><strong>nant.</strong></span> <span class='ocrx_word' id='word_1_166' title='bbox 202 2173 273 2210; x_wconf 78' lang='lat' dir='ltr'><strong>Verum</strong></span> <span class='ocrx_word' id='word_1_167' title='bbox 283 2180 342 2218; x_wconf 85' lang='lat' dir='ltr'><strong>quum</strong></span> <span class='ocrx_word' id='word_1_168' title='bbox 356 2171 440 2208; x_wconf 83' lang='lat' dir='ltr'><strong>trecenti</strong></span> <span class='ocrx_word' id='word_1_169' title='bbox 453 2176 537 2218; x_wconf 74' lang='lat' dir='ltr'><strong>equites,</strong></span> <span class='ocrx_word' id='word_1_170' title='bbox 555 2172 688 2210; x_wconf 78' lang='lat' dir='ltr'><strong>nobilissimus</strong></span> <span class='ocrx_word' id='word_1_171' title='bbox 697 2173 783 2220; x_wconf 78' lang='lat' dir='ltr'><strong>ortisque</strong></span> <span class='ocrx_word' id='word_1_172' title='bbox 795 2173 904 2222; x_wconf 77' lang='lat' dir='ltr'><strong>Campano·</strong></span> 
     </span>
     <span class='ocr_line' id='line_1_25' title="bbox 138 2215 906 2272; baseline 0.003 -18"><span class='ocrx_word' id='word_1_173' title='bbox 138 2228 189 2261; x_wconf 81' lang='lat' dir='ltr'><strong>rum.</strong></span> <span class='ocrx_word' id='word_1_174' title='bbox 201 2218 221 2254; x_wconf 92' lang='lat' dir='ltr'><strong>ln</strong></span> <span class='ocrx_word' id='word_1_175' title='bbox 232 2219 328 2264; x_wconf 71' lang='lat' dir='ltr'><strong>potestate</strong></span> <span class='ocrx_word' id='word_1_176' title='bbox 337 2215 466 2265; x_wconf 80' lang='lat' dir='ltr'><strong>llomunorum</strong></span> <span class='ocrx_word' id='word_1_177' title='bbox 475 2219 549 2258; x_wconf 77' lang='lat' dir='ltr'><strong>essent,</strong></span> <span class='ocrx_word' id='word_1_178' title='bbox 558 2216 627 2254; x_wconf 83' lang='lat' dir='ltr'><strong>horum</strong></span> <span class='ocrx_word' id='word_1_179' title='bbox 637 2221 729 2266; x_wconf 81' lang='lat' dir='ltr'><strong>parentes</strong></span> <span class='ocrx_word' id='word_1_180' title='bbox 734 2217 850 2272; x_wconf 67' lang='lat' dir='ltr'><strong>cognatique</strong></span> <span class='ocrx_word' id='word_1_181' title='bbox 860 2229 906 2267; x_wconf 83' lang='lat' dir='ltr'><strong>pcr-</strong></span> 
     </span>
     <span class='ocr_line' id='line_1_26' title="bbox 138 2257 905 2310; baseline 0.007 -13"><span class='ocrx_word' id='word_1_182' title='bbox 138 2262 228 2298; x_wconf 82' lang='lat' dir='ltr'><strong>ricernnt</strong></span> <span class='ocrx_word' id='word_1_183' title='bbox 247 2263 269 2297; x_wconf 89' lang='lat' dir='ltr'><strong>ut</strong></span> <span class='ocrx_word' id='word_1_184' title='bbox 282 2258 342 2310; x_wconf 65' lang='lat' dir='ltr'><strong>leuati</strong></span> <span class='ocrx_word' id='word_1_185' title='bbox 360 2257 384 2296; x_wconf 79' lang='lat' dir='ltr'><strong>cd</strong></span> <span class='ocrx_word' id='word_1_186' title='bbox 403 2259 508 2297; x_wconf 75' lang='lat' dir='ltr'><strong>Varronem</strong></span> <span class='ocrx_word' id='word_1_187' title='bbox 521 2261 620 2297; x_wconf 77' lang='lat' dir='ltr'><strong>consulein</strong></span> <span class='ocrx_word' id='word_1_188' title='bbox 639 2261 771 2299; x_wconf 87' lang='lat' dir='ltr'><strong>mitterentur.</strong></span> <span class='ocrx_word' id='word_1_189' title='bbox 790 2262 828 2306; x_wconf 79' lang='lat' dir='ltr'><strong>Qut</strong></span> <span class='ocrx_word' id='word_1_190' title='bbox 844 2274 905 2310; x_wconf 80' lang='lat' dir='ltr'><strong>quum</strong></span> 
     </span>
     <span class='ocr_line' id='line_1_27' title="bbox 138 2303 905 2351; baseline 0.005 -10"><span class='ocrx_word' id='word_1_191' title='bbox 138 2305 276 2350; x_wconf 76' lang='lat' dir='ltr'><strong>pollicerentur</strong></span> <span class='ocrx_word' id='word_1_192' title='bbox 285 2312 349 2341; x_wconf 81' lang='lat' dir='ltr'><strong>omum</strong></span> <span class='ocrx_word' id='word_1_193' title='bbox 358 2312 403 2350; x_wconf 77' lang='lat' dir='ltr'><strong>qum</strong></span> <span class='ocrx_word' id='word_1_194' title='bbox 412 2304 436 2340; x_wconf 84' lang='lat' dir='ltr'><strong>od</strong></span> <span class='ocrx_word' id='word_1_195' title='bbox 446 2303 518 2342; x_wconf 83' lang='lat' dir='ltr'><strong>bellum</strong></span> <span class='ocrx_word' id='word_1_196' title='bbox 526 2313 576 2351; x_wconf 84' lang='lat' dir='ltr'><strong>opus</strong></span> <span class='ocrx_word' id='word_1_197' title='bbox 584 2310 656 2343; x_wconf 69' lang='lat' dir='ltr'><strong>meent.</strong></span> <span class='ocrx_word' id='word_1_198' title='bbox 665 2311 682 2342; x_wconf 91' lang='lat' dir='ltr'><strong>et</strong></span> <span class='ocrx_word' id='word_1_199' title='bbox 693 2315 746 2348; x_wconf 72' lang='lat' dir='ltr'><strong>tcure</strong></span> <span class='ocrx_word' id='word_1_200' title='bbox 754 2307 807 2344; x_wconf 76' lang='lat' dir='ltr'><strong>terro</strong></span> <span class='ocrx_word' id='word_1_201' title='bbox 816 2312 905 2345; x_wconf 80' lang='lat' dir='ltr'><strong>senatum</strong></span> 
     </span>
     <span class='ocr_line' id='line_1_28' title="bbox 138 2348 905 2421; baseline 0.004 -36"><span class='ocrx_word' id='word_1_202' title='bbox 138 2350 268 2395; x_wconf 76' lang='lat' dir='ltr'><strong>populumque</strong></span> <span class='ocrx_word' id='word_1_203' title='bbox 277 2350 394 2395; x_wconf 67' lang='lat' dir='ltr'><strong>campanum</strong></span> <span class='ocrx_word' id='word_1_204' title='bbox 402 2348 481 2385; x_wconf 74' lang='lat' dir='ltr'><strong>noveru</strong></span> <span class='ocrx_word' id='word_1_205' title='bbox 491 2348 597 2396; x_wconf 77' lang='lat' dir='ltr'><strong>quicquam</strong></span> <span class='ocrx_word' id='word_1_206' title='bbox 605 2349 696 2386; x_wconf 78' lang='lat' dir='ltr'><strong>creuisse</strong></span> <span class='ocrx_word' id='word_1_207' title='bbox 704 2349 797 2387; x_wconf 77' lang='lat' dir='ltr'><strong>Romanis</strong></span> <span class='ocrx_word' id='word_1_208' title='bbox 813 2353 905 2421; x_wconf 61' lang='lat' dir='ltr'><strong>nuptiae·</strong></span> 
     </span>
    </p>
   </div>
   <div class='ocr_carea' id='block_1_7' title="bbox 365 2390 370 2398">
    <p class='ocr_par' dir='ltr' id='par_1_7' title="bbox 365 2390 370 2398">
     <span class='ocr_line' id='line_1_29' title="bbox 365 2390 370 2398; baseline 0 0"><span class='ocrx_word' id='word_1_209' title='bbox 365 2390 370 2398; x_wconf 69' lang='grc' dir='ltr'>ι</span> 
     </span>
    </p>
   </div>
   <div class='ocr_carea' id='block_1_8' title="bbox 139 2391 394 2439">
    <p class='ocr_par' dir='ltr' id='par_1_8' title="bbox 139 2391 394 2439">
     <span class='ocr_line' id='line_1_30' title="bbox 139 2391 394 2439; baseline 0 -11"><span class='ocrx_word' id='word_1_210' title='bbox 139 2398 190 2435; x_wconf 73' lang='lat' dir='ltr'><strong>ecrit,</strong></span> <span class='ocrx_word' id='word_1_211' title='bbox 199 2393 267 2430; x_wconf 82' lang='lat' dir='ltr'><strong>consul</strong></span> <span class='ocrx_word' id='word_1_212' title='bbox 277 2391 379 2439; x_wconf 76' lang='lat' dir='ltr'><strong>respoudit</strong></span> <span class='ocrx_word' id='word_1_213' title='bbox 388 2404 394 2427; x_wconf 76' lang='lat' dir='ltr'>z</span> 
     </span>
    </p>
   </div>
   <div class='ocr_carea' id='block_1_9' title="bbox 138 2488 908 2914">
    <p class='ocr_par' dir='ltr' id='par_1_9' title="bbox 138 2488 908 2914">
     <span class='ocr_line' id='line_1_31' title="bbox 164 2488 905 2543; baseline 0.004 -13"><span class='ocrx_word' id='word_1_214' title='bbox 164 2489 204 2532; x_wconf 77' lang='lat' dir='ltr'><strong>Les</strong></span> <span class='ocrx_word' id='word_1_215' title='bbox 217 2489 358 2543; x_wconf 79' lang='lat' dir='ltr'><strong>Cumpnniens</strong></span> <span class='ocrx_word' id='word_1_216' title='bbox 374 2488 454 2531; x_wconf 83' lang='lat' dir='ltr'><strong>oiireut</strong></span> <span class='ocrx_word' id='word_1_217' title='bbox 467 2489 480 2532; x_wconf 70' lang='lat' dir='ltr'><strong>i</strong></span> <span class='ocrx_word' id='word_1_218' title='bbox 496 2489 563 2533; x_wconf 81' lang='lat' dir='ltr'><strong>Rome</strong></span> <span class='ocrx_word' id='word_1_219' title='bbox 577 2489 616 2531; x_wconf 86' lang='lat' dir='ltr'><strong>des</strong></span> <span class='ocrx_word' id='word_1_220' title='bbox 631 2501 732 2540; x_wconf 67' lang='lat' dir='ltr'><strong>soccum</strong></span> <span class='ocrx_word' id='word_1_221' title='bbox 745 2491 801 2532; x_wconf 80' lang='lat' dir='ltr'><strong>mais</strong></span> <span class='ocrx_word' id='word_1_222' title='bbox 813 2490 905 2534; x_wconf 69' lang='lat' dir='ltr'><strong>Romen</strong></span> 
     </span>
     <span class='ocr_line' id='line_1_32' title="bbox 138 2549 907 2607; baseline -0.001 -14"><span class='ocrx_word' id='word_1_223' title='bbox 138 2555 185 2593; x_wconf 85' lang='lat' dir='ltr'><strong>tout</strong></span> <span class='ocrx_word' id='word_1_224' title='bbox 199 2550 276 2604; x_wconf 85' lang='lat' dir='ltr'><strong>perdu,</strong></span> <span class='ocrx_word' id='word_1_225' title='bbox 291 2551 355 2593; x_wconf 73' lang='lat' dir='ltr'><strong>clleo</strong></span> <span class='ocrx_word' id='word_1_226' title='bbox 367 2549 443 2594; x_wconf 86' lang='lat' dir='ltr'><strong>bosoiu</strong></span> <span class='ocrx_word' id='word_1_227' title='bbox 456 2550 483 2594; x_wconf 86' lang='lat' dir='ltr'><strong>do</strong></span> <span class='ocrx_word' id='word_1_228' title='bbox 499 2557 569 2594; x_wconf 82' lang='lat' dir='ltr'><strong>toules</strong></span> <span class='ocrx_word' id='word_1_229' title='bbox 586 2550 618 2593; x_wconf 85' lang='lat' dir='ltr'><strong>les</strong></span> <span class='ocrx_word' id='word_1_230' title='bbox 627 2563 754 2593; x_wconf 84' lang='lat' dir='ltr'><strong>ressources</strong></span> <span class='ocrx_word' id='word_1_231' title='bbox 766 2551 805 2593; x_wconf 85' lang='lat' dir='ltr'><strong>des</strong></span> <span class='ocrx_word' id='word_1_232' title='bbox 817 2551 907 2607; x_wconf 81' lang='lat' dir='ltr'><strong>Compa-</strong></span> 
     </span>
     <span class='ocr_line' id='line_1_33' title="bbox 138 2611 905 2667; baseline 0.004 -13"><span class='ocrx_word' id='word_1_233' title='bbox 138 2612 208 2655; x_wconf 88' lang='lat' dir='ltr'><strong>uicns.</strong></span> <span class='ocrx_word' id='word_1_234' title='bbox 218 2635 246 2644; x_wconf 97' lang='lat'>-</span> <span class='ocrx_word' id='word_1_235' title='bbox 256 2611 301 2661; x_wconf 82' lang='lat' dir='ltr'><strong>Que</strong></span> <span class='ocrx_word' id='word_1_236' title='bbox 318 2611 403 2667; x_wconf 83' lang='lat' dir='ltr'><strong>Cupouo</strong></span> <span class='ocrx_word' id='word_1_237' title='bbox 420 2625 443 2656; x_wconf 83' lang='lat' dir='ltr'><strong>se</strong></span> <span class='ocrx_word' id='word_1_238' title='bbox 455 2612 553 2667; x_wconf 73' lang='lat' dir='ltr'><strong>reppello</strong></span> <span class='ocrx_word' id='word_1_239' title='bbox 565 2613 586 2654; x_wconf 88' lang='lat' dir='ltr'><strong>lo</strong></span> <span class='ocrx_word' id='word_1_240' title='bbox 597 2619 668 2667; x_wconf 88' lang='lat' dir='ltr'><strong>temps</strong></span> <span class='ocrx_word' id='word_1_241' title='bbox 682 2611 711 2654; x_wconf 81' lang='lat' dir='ltr'><strong>ou</strong></span> <span class='ocrx_word' id='word_1_242' title='bbox 726 2612 793 2655; x_wconf 85' lang='lat' dir='ltr'><strong>Rome</strong></span> <span class='ocrx_word' id='word_1_243' title='bbox 803 2612 824 2655; x_wconf 82' lang='lat' dir='ltr'><strong>lu</strong></span> <span class='ocrx_word' id='word_1_244' title='bbox 840 2625 905 2657; x_wconf 77' lang='lat' dir='ltr'><strong>ouum</strong></span> 
     </span>
     <span class='ocr_line' id='line_1_34' title="bbox 139 2668 906 2728; baseline 0.007 -14"><span class='ocrx_word' id='word_1_245' title='bbox 139 2672 177 2715; x_wconf 85' lang='lat' dir='ltr'><strong>des</strong></span> <span class='ocrx_word' id='word_1_246' title='bbox 193 2672 307 2724; x_wconf 78' lang='lat' dir='ltr'><strong>Samnites.</strong></span> <span class='ocrx_word' id='word_1_247' title='bbox 319 2672 351 2715; x_wconf 85' lang='lat' dir='ltr'><strong>les</strong></span> <span class='ocrx_word' id='word_1_248' title='bbox 360 2673 447 2716; x_wconf 79' lang='lat' dir='ltr'><strong>loreum</strong></span> <span class='ocrx_word' id='word_1_249' title='bbox 463 2674 493 2716; x_wconf 90' lang='lat' dir='ltr'><strong>du</strong></span> <span class='ocrx_word' id='word_1_250' title='bbox 513 2674 589 2717; x_wconf 71' lang='lat' dir='ltr'><strong>senuit</strong></span> <span class='ocrx_word' id='word_1_251' title='bbox 602 2674 618 2716; x_wconf 93' lang='lat' dir='ltr'><strong>il</strong></span> <span class='ocrx_word' id='word_1_252' title='bbox 636 2668 702 2728; x_wconf 79' lang='lat' dir='ltr'><strong>s&#39;agit</strong></span> <span class='ocrx_word' id='word_1_253' title='bbox 718 2674 744 2717; x_wconf 86' lang='lat' dir='ltr'><strong>do</strong></span> <span class='ocrx_word' id='word_1_254' title='bbox 761 2673 866 2718; x_wconf 73' lang='lat' dir='ltr'><strong>dileudre</strong></span> <span class='ocrx_word' id='word_1_255' title='bbox 885 2676 906 2720; x_wconf 73' lang='lat' dir='ltr'><strong>lo</strong></span> 
     </span>
     <span class='ocr_line' id='line_1_35' title="bbox 141 2734 908 2790; baseline 0.008 -15"><span class='ocrx_word' id='word_1_256' title='bbox 141 2745 256 2776; x_wconf 84' lang='lat' dir='ltr'><strong>commuue</strong></span> <span class='ocrx_word' id='word_1_257' title='bbox 267 2734 343 2787; x_wconf 78' lang='lat' dir='ltr'><strong>patrie.</strong></span> <span class='ocrx_word' id='word_1_258' title='bbox 355 2756 382 2765; x_wconf 93' lang='lat'><em>-</em></span> <span class='ocrx_word' id='word_1_259' title='bbox 390 2735 418 2776; x_wconf 83' lang='lat' dir='ltr'><strong>Co</strong></span> <span class='ocrx_word' id='word_1_260' title='bbox 428 2734 482 2776; x_wconf 84' lang='lat' dir='ltr'><strong>n&#39;est</strong></span> <span class='ocrx_word' id='word_1_261' title='bbox 494 2735 555 2790; x_wconf 87' lang='lat' dir='ltr'><strong>point</strong></span> <span class='ocrx_word' id='word_1_262' title='bbox 565 2748 595 2777; x_wconf 88' lang='lat' dir='ltr'><strong>un</strong></span> <span class='ocrx_word' id='word_1_263' title='bbox 604 2735 690 2779; x_wconf 83' lang='lat' dir='ltr'><strong>ennemi</strong></span> <span class='ocrx_word' id='word_1_264' title='bbox 699 2734 781 2777; x_wconf 83' lang='lat' dir='ltr'><strong>d&#39;llulie</strong></span> <span class='ocrx_word' id='word_1_265' title='bbox 795 2734 862 2790; x_wconf 83' lang='lat' dir='ltr'><strong>qu&#39;ils</strong></span> <span class='ocrx_word' id='word_1_266' title='bbox 870 2743 908 2781; x_wconf 83' lang='lat' dir='ltr'><strong>out</strong></span> 
     </span>
     <span class='ocr_line' id='line_1_36' title="bbox 140 2794 907 2852; baseline 0.007 -15"><span class='ocrx_word' id='word_1_267' title='bbox 140 2795 284 2849; x_wconf 63' lang='lat' dir='ltr'><strong>trepoussen</strong></span> <span class='ocrx_word' id='word_1_268' title='bbox 292 2794 347 2836; x_wconf 80' lang='lat' dir='ltr'><strong>mois</strong></span> <span class='ocrx_word' id='word_1_269' title='bbox 355 2794 393 2836; x_wconf 83' lang='lat' dir='ltr'><strong>des</strong></span> <span class='ocrx_word' id='word_1_270' title='bbox 402 2794 512 2847; x_wconf 77' lang='lat' dir='ltr'><strong>barbares.</strong></span> <span class='ocrx_word' id='word_1_271' title='bbox 521 2795 634 2851; x_wconf 69' lang='lat' dir='ltr'><strong>otrangers</strong></span> <span class='ocrx_word' id='word_1_272' title='bbox 643 2797 714 2839; x_wconf 75' lang='lat' dir='ltr'><strong>meme</strong></span> <span class='ocrx_word' id='word_1_273' title='bbox 721 2809 760 2838; x_wconf 86' lang='lat' dir='ltr'><strong>sur</strong></span> <span class='ocrx_word' id='word_1_274' title='bbox 769 2796 790 2839; x_wconf 85' lang='lat' dir='ltr'><strong>le</strong></span> <span class='ocrx_word' id='word_1_275' title='bbox 797 2796 831 2838; x_wconf 83' lang='lat' dir='ltr'><strong>sol</strong></span> <span class='ocrx_word' id='word_1_276' title='bbox 841 2797 907 2852; x_wconf 84' lang='lat' dir='ltr'><strong>qu&#39;ils</strong></span> 
     </span>
     <span class='ocr_line' id='line_1_37' title="bbox 138 2855 908 2914; baseline 0.004 -17"><span class='ocrx_word' id='word_1_277' title='bbox 138 2856 246 2908; x_wconf 75' lang='lat' dir='ltr'><strong>habitent,</strong></span> <span class='ocrx_word' id='word_1_278' title='bbox 258 2860 280 2897; x_wconf 91' lang='lat' dir='ltr'><strong>et</strong></span> <span class='ocrx_word' id='word_1_279' title='bbox 289 2859 395 2897; x_wconf 79' lang='lat' dir='ltr'><strong>soutcuus</strong></span> <span class='ocrx_word' id='word_1_280' title='bbox 402 2855 466 2899; x_wconf 84' lang='lat' dir='ltr'><strong>d&#39;une</strong></span> <span class='ocrx_word' id='word_1_281' title='bbox 475 2857 533 2900; x_wconf 74' lang='lat' dir='ltr'><strong>uuee</strong></span> <span class='ocrx_word' id='word_1_282' title='bbox 543 2857 581 2900; x_wconf 85' lang='lat' dir='ltr'><strong>des</strong></span> <span class='ocrx_word' id='word_1_283' title='bbox 591 2858 682 2914; x_wconf 84' lang='lat' dir='ltr'><strong>peuples</strong></span> <span class='ocrx_word' id='word_1_284' title='bbox 691 2857 724 2900; x_wconf 82' lang='lat' dir='ltr'><strong>les</strong></span> <span class='ocrx_word' id='word_1_285' title='bbox 736 2857 787 2912; x_wconf 80' lang='lat' dir='ltr'><strong>plus</strong></span> <span class='ocrx_word' id='word_1_286' title='bbox 800 2869 908 2914; x_wconf 72' lang='lat' dir='ltr'><strong>munogcs</strong></span> 
     </span>
    </p>
   </div>
   <div class='ocr_carea' id='block_1_10' title="bbox 0 0 966 3216">
    <p class='ocr_par' dir='ltr' id='par_1_10' title="bbox 0 0 966 3216">
     <span class='ocr_line' id='line_1_38' title="bbox 0 0 966 3216; baseline 0 0"><span class='ocrx_word' id='word_1_287' title='bbox 0 0 966 3216; x_wconf 95' lang='lat' dir='ltr'><strong> </strong></span> 
     </span>
    </p>
   </div>
  </div>
 </body>
</html>
