1904 3216
98 181 144 232 406
403 181 564 232 onarlon'us

98 298 201 354 eariln'p
216 311 228 341 a
244 311 282 354 pas
298 297 344 340 lieu
361 297 388 340 de
403 298 504 341 crnindre
520 297 552 340 les
562 297 672 353 conjures,
689 298 713 340 ni
726 295 870 352 cuuvenable,

33 400 38 411 ,
98 374 161 416 parce
170 373 213 416 que
224 361 244 403 ln
255 367 312 403 mort
322 366 355 402 est
366 372 423 414 pour
433 373 476 402 eux
487 362 531 402 une
543 367 602 402 sorte
613 359 640 402 de
650 360 772 404 delimance
781 362 808 405 de
819 368 871 407 tous

97 422 130 465 les
138 434 210 464 maur.
224 421 335 477 Poiirquoi
344 421 465 473 d'ailleurs,
475 433 503 463 en
512 421 629 464 observant
639 421 671 463 les
681 421 872 479 loisdansl'appli-

97 485 169 527 ention
182 485 209 526 de
216 484 236 526 lu
246 485 318 539 peine,
329 484 361 526 les
371 484 497 526 enfreindre
507 496 562 538 pour
571 483 678 527 decernor
690 490 745 527 cette
757 485 820 540 peine
828 487 838 527 l
845 509 872 517 -

97 545 149 588 Plus
157 546 206 589 tard
215 552 271 588 cette
284 545 389 587 violation
406 558 456 588 sera
467 544 552 587 hldmde
563 557 592 587 ou
602 544 655 588 d'un
664 546 788 601 ‹longereux
798 558 872 590 exem-

96 604 140 660 ple.
150 605 190 648 Les
203 612 275 650 trente
285 613 358 662 tyneus
368 607 503 650 delivrdrent
516 607 605 649 d'abord
615 607 709 650 Atheneo
721 607 760 650 des
773 609 873 652 mauvais

96 668 206 723 citoyens3
217 669 304 711 ensuite
324 668 351 711 ils
366 668 503 712 decinerent
516 669 548 712 les
561 668 623 711 hons.
642 667 697 723 Sylla
707 681 832 722 commenca
849 677 873 714 et

96 727 144 770 finit
155 728 181 770 de
191 730 272 781 meme,
283 741 311 771 en
320 729 404 771 violant
414 729 445 772 les
456 730 505 772 lois.
515 729 665 784 bujourd‘hui,
675 731 739 784 grace
748 731 760 773 l
770 729 871 782 ciceron,

96 802 133 833 ees
142 791 206 834 excds
214 803 242 834 ne
250 796 300 833 sont
308 792 369 846 point
379 792 391 833 d
400 792 513 844 crnindre,
525 792 580 834 mnis
591 791 622 834 les
631 797 711 846 temps,
725 791 758 835 les
768 791 872 837 hommes

96 852 206 907 chungent
216 867 221 895 :
231 854 270 908 qui
277 853 384 909 repondra
393 853 420 896 de
427 854 532 898 l'avenir?
540 853 683 896 -Aut’reiois
690 854 755 897 Rome
765 866 874 908 emprun-

96 913 136 955 tait
144 921 231 967 partout
241 927 266 958 ce
276 915 357 968 qu'elle
368 917 463 958 trouvait
475 915 565 959 d’utile:
576 927 617 957 anx
627 914 736 959 Samnites
746 916 778 959 les
788 929 871 971 armes,

97 986 139 1016 aux
152 965 305 1034 Etrusquesle
317 975 460 1026 ceremoniam
472 989 512 1018 aux
522 975 587 1018 Grecs
596 976 655 1018 enfin
664 977 745 1031 l'usnge
759 976 786 1019 de
797 977 871 1022 battre

97 1035 124 1079 de
136 1049 213 1091 verges
230 1044 252 1080 ct
261 1038 288 1081 de
299 1045 378 1081 mettre
397 1040 408 1080 d
420 1045 485 1080 mort.
497 1039 536 1080 Les
552 1039 643 1079 lactions
654 1037 770 1081 abusorent
789 1039 816 1082 de
833 1052 871 1082 ces

96 1099 242 1142 chdtiments:
255 1100 313 1143 l'oril
323 1101 444 1143 volontnire
454 1100 487 1142 int
502 1101 584 1154 permis
600 1112 655 1154 pour
671 1114 684 1155 y
700 1100 814 1157 echapper.
830 1103 872 1148 Les

96 1159 199 1202 Romaim
208 1161 290 1205 etaient
300 1162 349 1217 plus
365 1174 428 1215 suges
443 1162 501 1203 alors
511 1160 695 1216 qu’aujourd'bui.
706 1185 733 1193 -
749 1161 871 1204 sensuit-il

97 1222 219 1276 qu'illuillc
231 1236 326 1279 euvoyer
342 1224 374 1266 les
389 1222 506 1277 coupables
522 1223 604 1276 grossir
621 1222 710 1266 l’armee
720 1222 747 1265 de
764 1222 872 1266 Catilina?

96 1283 151 1335 Non,
162 1298 212 1326 sans
224 1286 305 1334 doute;
320 1287 375 1328 mais
385 1285 451 1340 qu'on
467 1284 537 1328 vende
551 1284 612 1327 leurs
626 1284 698 1336 biens,
717 1285 782 1339 qn'ils
799 1285 873 1329 soient

96 1345 188 1388 detentis
196 1347 285 1401 jusqu'd
297 1347 346 1390 leur
356 1353 421 1398 mort,
432 1353 508 1401 etque
524 1345 599 1388 l'nrriet
609 1345 714 1389 demeure
725 1346 869 1391 irrevocnble.

128 1509 212 1558 Omnis
219 1510 340 1567 hominen,
355 1512 438 1560 Patres
448 1511 593 1572 conscripti,
607 1511 650 1572 qni
661 1511 691 1559 de
702 1512 777 1559 rebus
786 1512 871 1562 dubiis

95 1581 245 1637 consultant,
261 1581 291 1629 ab
301 1582 366 1638 odiu,
382 1581 500 1639 amicitia,
512 1585 550 1630 ira
559 1591 634 1644 atque
645 1582 816 1630 misericordia
827 1597 872 1632 ra-

95 1663 154 1698 euos
163 1664 218 1698 esse
229 1652 306 1700 decet.
316 1652 386 1700 Haud
399 1652 470 1701 facile
482 1652 582 1701 animus
590 1665 675 1701 verum
688 1651 811 1714 providet,
825 1655 871 1704 ubi

95 1720 139 1768 illa
148 1721 268 1778 officiunt,
280 1736 361 1784 neque
373 1723 508 1785 quisquam
517 1723 631 1771 omnium
643 1722 751 1771 lubidini
764 1723 873 1774 simulet

95 1791 154 1840 usui
169 1794 259 1851 paruit.
276 1793 320 1842 Ubi
342 1793 479 1842 intenderis
497 1792 634 1856 ingenium,
649 1794 727 1849 valet;
746 1793 768 1842 si
787 1795 871 1844 lubido

95 1862 212 1924 possidet,
225 1877 253 1912 ea
272 1865 422 1920 dominatur,
435 1865 533 1913 animus
543 1863 606 1912 nihil
623 1865 695 1912 valet.
710 1865 794 1925 lingna
806 1866 870 1914 mihi

95 1933 164 1994 copia
176 1939 213 1982 est
224 1934 386 1989 memorandi,
397 1934 479 1983 Patres
496 1933 782 1996 conscripti‚quaereges
795 1943 871 1997 atque

94 2003 181 2065 populi
199 2005 235 2052 ira
251 2013 294 2053 aut
306 2004 476 2053 misericordia
495 2004 595 2067 impulsi
608 2005 674 2054 male
684 2004 870 2064 consuluerint;

95 2075 138 2122 sed
152 2086 179 2121 ea
192 2077 256 2123 malo
266 2076 356 2131 dicere,
364 2089 420 2136 quae
432 2075 538 2138 majores
546 2076 625 2125 nostri
635 2082 722 2124 contra
733 2075 869 2126 lubidinem

95 2144 171 2192 animi
184 2145 222 2193 sui
239 2153 306 2194 recte
324 2153 398 2207 atque
412 2147 500 2194 ordine
521 2146 608 2195 iecere.
625 2147 690 2194 Bello
706 2146 868 2204 Macedonico,

95 2217 160 2274 quod
183 2230 240 2264 cum
258 2229 317 2277 rege
341 2216 414 2264 Perse
436 2217 566 2278 gessimus.
593 2215 745 2277 Rhodiorum
772 2217 868 2276 civitae,

95 2296 184 2344 magna
202 2291 275 2347 atque
292 2287 431 2346 magnilica,
445 2300 500 2348 quae
509 2287 593 2348 populi
606 2286 709 2334 Romani
718 2288 870 2348 opibuscre-

94 2354 216 2417 ceratii),
230 2354 305 2404 infida
316 2362 391 2416 atque
404 2356 505 2404 advorsa
518 2356 589 2405 nobis
600 2358 663 2415 iuit;
683 2357 725 2405 sed
737 2366 868 2420 postquam

94 2423 160 2471 hello
173 2424 283 2472 conlecto
293 2425 324 2473 de
337 2424 437 2473 Rhodiis
449 2424 590 2474 consultum
600 2434 646 2481 est,
660 2425 767 2487 majores
778 2429 867 2480 nostri.

94 2495 196 2556 nequis
216 2495 360 2543 divitiarum
376 2495 456 2557 magis
471 2507 546 2555 quarn
568 2497 666 2557 injuriae
686 2510 758 2545 causa
775 2498 868 2546 bellum

94 2562 327 2627 inceptumdiceret,
336 2566 471 2627 impunitos
484 2579 527 2614 eos
536 2564 728 2615 dimisere.ltem
737 2567 809 2616 bellis
818 2567 868 2616 Pu-

120 2718 163 2762 XV.
174 2721 194 2762 1.
210 2720 295 2776 Populi
307 2722 406 2766 Romani
416 2721 464 2778 opi·
492 2721 539 2764 bles
559 2722 589 2764 du
615 2722 714 2765 discours
737 2735 781 2778 que
800 2722 867 2766 (laton

94 2778 136 2821 bus
156 2785 275 2830 creverat:
295 2795 360 2836 voyez
375 2783 395 2825 la
414 2791 465 2826 note
493 2783 867 2838 l¹lnoienpronononenlareurdes

94 2840 120 2882 12
139 2841 165 2883 de
189 2842 208 2883 la
233 2854 287 2897 page
305 2842 352 2886 ⁸282.
374 2844 390 2886 ll
410 2856 465 2886 nous
494 2844 615 2896 Rhodieus;
629 2857 677 2900 roy.
694 2846 726 2888 les
740 2845 866 2900 Fragments

83 2905 467 2966 restequelquespagesremarqun·
494 2906 642 2952 desoratenrs
658 2907 767 2960 Romaim,
783 2919 804 2962 p.
815 2906 866 2951 152-
