1904 3216
142 148 193 198 boo
454 146 613 199 ORATIONES
676 172 681 189 =

145 262 248 326 quendi,
260 277 311 312 non
319 263 435 313 noscendi
447 263 622 325 monendique,
631 270 675 314 aut
686 264 801 315 intuendi
814 280 868 323 ros,
878 266 926 328 jus

146 333 292 397 reliquistis.
307 334 429 397 liquidem
446 347 525 397 quum
539 333 601 382 alios
614 332 741 383 dimittere
756 333 783 382 iu
801 335 924 396 patriam,

142 405 207 455 alios
222 418 320 455 mecum
337 403 421 466 paullo
435 410 491 466 post
504 404 635 466 deportare
646 405 784 463 statuerim,
801 409 854 454 tam
865 405 927 456 illos

146 475 308 524 acclamantes
317 473 440 535 videoqui
453 473 546 523 abituri
560 479 717 535 sartonam
732 475 777 523 hos
787 488 845 524 cum
863 476 925 538 qui·

147 545 195 594 bus
219 542 360 606 praemissos
375 541 492 604 subsequi
508 543 592 591 statui.
608 542 671 600 Quid
685 543 733 592 hoc
748 549 787 592 est
799 544 854 594 rei‘l
868 546 928 597 dis·

144 615 202 678 pari
220 615 247 664 in
261 626 335 663 causa
348 613 415 662 idem
421 613 535 662 omnium
548 613 642 662 clamor
653 615 704 663 est!
718 614 839 675 pervelim
857 617 927 669 scire

146 691 233 735 utrum
240 683 284 746 qui
293 682 434 739 discedunt,
448 697 479 731 an
493 681 536 744 qui
551 682 702 739 retinentur,
713 683 743 732 de
754 697 794 733 me
812 697 926 746 queran-

145 762 196 806 tur.

168 859 262 897 crederes
277 868 316 896 uno
329 867 364 896 ore
375 868 442 896 omues
458 857 565 896 sustulisse
580 859 695 904 clamorem
707 859 735 898 ita
752 859 826 908 paritor
835 869 861 898 ex
878 867 925 901 tota

142 904 238 943 concione
244 913 359 952 responsum
368 906 400 940 est
408 915 413 937 ε
420 911 488 940 omnes
498 902 564 951 queri.
571 902 619 940 'lum
627 903 668 948 illc,

178 1002 238 1058 llon,
253 999 364 1057 hercule,
379 999 470 1064 inquit,
481 1006 563 1063 potest
576 999 631 1049 fieri
645 1006 675 1050 ut
689 1001 797 1050 adducar
813 998 845 1064 li)
859 1017 926 1066 que·

147 1071 218 1121 rendi
233 1070 309 1120 simul
319 1069 436 1120 omnibus
446 1071 510 1119 banc
522 1083 621 1119 causam
629 1084 683 1120 esse
696 1085 770 1133 quam
780 1073 924 1133 ostenditis,

145 1141 174 1190 in
186 1154 233 1202 qua
247 1139 327 1202 major
341 1153 400 1201 pars
411 1139 534 1188 exercitus
546 1151 596 1188 non
608 1145 662 1188 est:
676 1148 763 1202 utpote
776 1155 854 1204 quum
866 1144 926 1206 plu·

146 1223 186 1260 res
207 1208 347 1259 dimiserim
360 1221 436 1271 quam
454 1214 598 1257 retenturus
616 1223 681 1258 sum.
699 1210 786 1259 Subest
798 1211 924 1262 nimirum

142 1280 221 1330 altius
241 1279 343 1338 malum,
365 1278 430 1341 quod
447 1291 532 1326 omnes
543 1279 633 1327 avertit
647 1293 661 1327 a
676 1292 725 1328 me.
739 1280 841 1335 Quando
854 1282 925 1332 enim

146 1349 370 1411 regemuniversus
379 1349 504 1399 exercitus
512 1347 641 1397 deseruit?
650 1349 683 1397 lle
689 1349 754 1398 servi
762 1351 864 1410 quidem
871 1366 924 1402 uno

143 1435 222 1483 grege
232 1419 379 1483 profugiunt
389 1418 513 1476 dominos,
527 1418 570 1466 sed
587 1418 732 1481 estquidam
744 1419 769 1467 in
779 1420 829 1470 illis
838 1423 924 1484 pudor

144 1505 162 1541 a
171 1491 261 1542 ceteris
271 1491 402 1541 destitutos
412 1488 581 1551 relinquendi.
593 1491 684 1538 lerum
693 1504 747 1551 ego.
759 1497 807 1540 tam
818 1491 924 1544 furiosae

142 1560 356 1612 consternationis
366 1560 466 1618 oblitus,
481 1559 590 1608 remedia
601 1559 784 1609 insanabilibus
792 1575 870 1612 conor
879 1566 923 1614 ad-

144 1632 237 1682 hibere
254 1630 366 1687 Omnem,
377 1628 488 1684 hercule,
503 1643 571 1691 spem
586 1642 661 1689 quam
673 1643 701 1678 ex
715 1630 783 1680 robis
798 1645 923 1695 concepe-

144 1718 210 1760 ram,
223 1704 322 1760 damno,
335 1715 381 1751 nec
397 1700 491 1750 utrum
509 1702 631 1752 militibus
643 1704 706 1753 meis
721 1703 778 1767 (jam
788 1703 856 1752 enim
867 1719 923 1757 esse

142 1774 266 1836 desistis),
277 1774 320 1823 sed
334 1779 363 1823 ut
374 1785 432 1821 cum
446 1771 622 1832 ingratissimis
631 1775 715 1835 operis
726 1787 797 1836 agere
810 1773 921 1826 decrevi.

146 1845 264 1894 Secundis
277 1845 361 1898 rebus,
373 1856 429 1906 quaa
437 1842 787 1901 circumfluuntros,insanire
797 1847 921 1908 coepistis,

143 1915 218 1964 obliti
235 1921 314 1963 status
330 1913 393 1976 ejus,
406 1927 480 1975 quem
496 1912 617 1963 beneficio
628 1915 729 1964 exuistis
747 1929 816 1972 meo;
838 1916 921 1980 digni,

102 2006 120 2023 ··
145 1986 256 2038 hercule.
268 1985 312 2047 qui
322 1984 348 2034 in
357 1984 443 2033 eodem
452 1984 638 2040 consenescatis,
650 1984 764 2046 quoniam
772 1985 873 2036 facilius
883 1994 924 2037 est

145 2058 216 2107 vobis
223 2058 351 2106 adversam
358 2070 431 2118 quam
439 2057 571 2104 secundam
580 2069 667 2118 regere
675 2056 809 2104 fortunam.
822 2056 923 2108 Entau-

145 2128 201 2177 dem
212 2131 217 2178 l
230 2127 372 2189 lllyriorum
388 2126 470 2188 paullo
484 2132 540 2173 ante
551 2132 577 2175 et
585 2126 716 2175 Persarum
728 2125 872 2177 tributariis
886 2130 921 2191 (ὅ)

146 2199 202 2247 Asia
219 2205 244 2249 et
257 2205 292 2247 tot
304 2197 418 2259 gentium
430 2196 507 2258 spolia
521 2195 622 2244 fastidio
637 2202 703 2245 suut.
721 2196 790 2244 blodo
803 2199 850 2248 sub
863 2200 923 2249 Phi-

145 2334 173 2378 de
189 2332 269 2376 Tacite.
289 2355 316 2364 -
334 2332 355 2376 2.
375 2331 517 2374 Adducam...
545 2330 616 2373 dition
632 2332 658 2374 de
679 2330 792 2386 Megabyza
808 2334 923 2379 mentiou-

145 2408 241 2439 causom
247 2407 294 2438 csse
308 2406 357 2438 :on
366 2407 390 2436 se
403 2394 471 2435 serait
486 2400 518 2436 at·
546 2394 635 2437 tlonnee
644 2407 684 2449 par
693 2395 774 2445 lustin,
788 2393 829 2444 lli,
841 2396 899 2440 cbd
914 2418 921 2446 :

144 2456 234 2499 tenduh
252 2452 518 2503 addacuratcredom,·
546 2455 621 2507 Quum
647 2455 744 2499 interim
766 2455 855 2499 Barim
877 2469 924 2502 rec

144 2521 200 2563 mais
217 2519 249 2562 les
264 2524 352 2562 auteurs
372 2518 410 2572 qui
429 2517 518 2559 recher-
544 2517 669 2561 Persarum
689 2517 755 2572 turpi
773 2517 803 2560 ab
821 2517 923 2574 Scythia

144 2582 212 2624 chent
221 2593 264 2624 une
274 2581 356 2623 diction
369 2579 453 2635 rapide.
469 2590 517 2634 pas·
543 2579 741 2634 saqaaummotua,
751 2591 779 2621 ne
786 2578 874 2635 ubique
881 2581 925 2625 de·

102 2652 104 2656 “
144 2639 517 2686 sentsouventuncideeinterme-
544 2639 729 2695 formismilitiae
738 2639 832 2684 domnis
849 2641 924 2687 habc-

144 2704 214 2747 dialre
233 2703 272 2759 qui
290 2702 329 2752 lie,
349 2713 404 2756 pour
423 2700 518 2745 aborder
545 2705 619 2754 retur,
632 2702 707 2746 mittit
724 2715 776 2745 cum
792 2704 866 2758 parte
882 2718 924 2750 co·

144 2764 194 2817 plus
207 2766 319 2807 vivement
334 2762 355 2805 la
370 2761 442 2816 partie
455 2763 517 2816 prin·
543 2764 641 2820 piarum
649 2764 794 2820 heqabyzum
807 2765 841 2808 ad
856 2767 924 2811 subi.

143 2825 222 2881 ripale.
231 2827 287 2870 -5.
304 2826 429 2869 Persarum
442 2825 518 2867 triba-
545 2825 643 2881 cendam
663 2825 786 2869 Thraciam
795 2829 924 2883 ceteraque

140 2886 517 2948 tortis.Celascrauuortetl'exot-
545 2887 595 2940 ejas
613 2891 703 2931 tractas
719 2899 815 2942 rayno:
833 2889 924 2944 quibus
