1904 3216
139 201 186 246 tao
444 200 604 250 ontttonns

139 326 213 374 quem
228 313 329 362 Iberum
343 327 440 362 amnem
460 315 553 376 trajecit
572 317 621 378 (5Jz
635 317 720 379 plures
740 317 821 366 samos
834 331 910 379 quam

139 386 237 432 serrum
250 384 398 445 absumpsit;
414 399 459 434 nec
473 386 514 434 his
527 388 614 449 paucis
621 387 672 448 jarn
688 388 780 436 victum
794 388 910 451 suppedi-

139 461 186 504 tat.
201 454 304 504 Dubitas
318 469 378 517 ergo
396 457 456 518 quin
473 457 581 506 sedendo
596 458 740 519 superaturi
758 461 836 506 simus
852 473 911 508 eum

139 527 182 590 qui
195 535 308 576 senescat
322 526 349 575 in
366 526 428 584 dies,
442 542 493 577 non
507 536 671 585 commeatus,
687 542 735 577 nun
750 533 911 591 supptemen-

138 601 203 653 tum,
215 610 265 645 non
278 597 407 657 pecuniam
423 598 527 648 haheat?
541 598 670 656 Quamdiu
682 612 727 660 pro
739 597 848 657 Geronii,
860 613 912 650 cas-

138 668 203 803 {315¹
204 668 303 803 333?ss
318 667 409 730 inopis,
423 674 541 731 tanquam
553 683 598 732 pro
616 669 773 730 Carthaginis
786 670 914 720 moenibus

165 843 201 887 nt.
214 843 273 888 Pour
282 845 354 888 suivro
368 856 393 888 ca
405 844 506 900 systema,
521 846 580 889 colui
593 845 620 888 do
634 845 720 898 Fabius,
733 828 755 889 ot
766 848 805 903 qui
815 859 828 890 a
837 847 912 892 rdussi

138 919 181 949 aux
190 906 291 950 derniors
304 905 399 960 consuls,
414 897 549 950 Paul-Emito
560 907 605 950 doit
619 907 710 950 a’armer
719 908 746 951 da
760 908 866 955 termettit
876 909 920 961 re·¹

138 969 204 1012 sistor
212 968 224 1010 it
233 981 273 1012 son
280 968 387 1023 collegae,
397 968 409 1011 a
418 981 458 1012 son
468 970 549 1020 armoe,
560 974 583 1012 et
592 968 700 1022 mdpriser
713 968 746 1012 los
758 969 870 1013 clamonrs
881 970 912 1013 du

138 1030 239 1086 vulgaire
247 1052 251 1078 ;
263 1030 284 1074 lu
293 1031 386 1074 rosultat
394 1030 426 1074 lui
435 1031 531 1075 donnera
541 1032 614 1074 raison
623 1045 629 1073 ε
638 1031 654 1074 il
662 1044 686 1074 su
692 1033 772 1074 rendra
782 1033 911 1077 rudoutable

139 1091 273 1135 aliannibal.
283 1091 339 1142 Qu'il
347 1093 426 1146 agisse,
437 1091 471 1134 s’il
483 1091 505 1135 la
516 1092 570 1143 faut,
584 1092 639 1134 mais
654 1105 707 1134 arec
722 1091 744 1134 ia
761 1092 811 1145 plus
828 1094 911 1147 grando

138 1154 318 1209 circumspectior.
332 1152 377 1203 Ouo
387 1159 433 1197 tout
441 1154 484 1196 soit
498 1152 591 1196 calculo.
627 1197 629 1202 ,

169 1251 195 1301 5.
210 1251 256 1302 Sed
265 1251 421 1302 neadversus
433 1258 457 1300 te
470 1251 572 1314 quidem
585 1251 616 1299 de
623 1263 663 1299 me
675 1250 812 1311 gloriabor.
821 1252 912 1311 Cneias

104 1344 107 1349 ·
139 1321 341 1384 Serviiinsatqne
351 1323 448 1378 Atilius,
461 1321 567 1384 proximi
576 1322 691 1370 consules
703 1321 747 1386 (t),
760 1321 816 1371 vide
827 1336 913 1385 quem-

139 1392 273 1441 admodum
292 1406 350 1440 eum
363 1393 482 1441 ludificati
495 1389 554 1440 sint.
571 1392 626 1441 nac
640 1405 690 1440 una
707 1392 797 1441 salutis
813 1393 853 1441 via
864 1400 911 1449 est.

139 1461 164 1511 t.
181 1463 273 1519 Paullo,
286 1476 362 1524 quant
376 1462 505 1512 difficilem
517 1461 685 1524 infestamque
698 1461 818 1510 cinestihi
832 1462 912 1524 magis

139 1546 214 1595 quam
224 1533 308 1581 hostes
318 1533 417 1583 sacient.
428 1534 497 1583 idem
508 1533 576 1581 enirn
589 1532 635 1588 tui.
646 1532 714 1594 quod
726 1532 835 1580 hostium
847 1533 912 1582 mili·
933 1567 936 1574 .

139 1608 186 1658 tes,
201 1602 298 1652 volent:
315 1602 381 1652 idem
396 1605 471 1652 Varro
486 1603 572 1653 consul
583 1603 718 1658 Romanus.
733 1602 798 1664 quod
813 1602 912 1652 Hanni-

138 1672 181 1720 hal
193 1672 282 1720 Poenus
290 1672 434 1734 imperator,
445 1673 537 1736 cupiet.
549 1674 650 1722 liuohus
661 1674 764 1722 ducibus
775 1688 842 1722 unus
852 1675 913 1723 resi-

139 1747 188 1791 stas
193 1748 303 1804 oportet:
314 1743 415 1792 resistes
422 1753 515 1798 autum,
524 1745 643 1792 adversus
653 1745 741 1791 samam
748 1758 913 1807 rumoresque

138 1812 269 1862 hominum
288 1812 310 1862 si
320 1813 380 1862 satis
394 1815 482 1863 firmus
503 1814 618 1869 steteris;
631 1815 651 1862 si
673 1820 700 1863 te
718 1828 798 1876 neque
811 1815 913 1876 ooliegae

138 1882 289 1942 vanagloria
302 1897 383 1946 neque
394 1892 436 1933 tua
453 1885 515 1933 falsa
529 1884 632 1932 infamia
651 1885 764 1932 moverit.
780 1885 912 1934 Veritatem

139 1953 251 2001 laborare
269 1953 302 2017 (8)
312 1953 388 2002 nimis
402 1968 475 2015 saepe,
488 1953 566 2008 aiunt,
580 1953 692 2015 extingui
705 1967 843 2012 nunquam.
859 1952 914 2003 Glo-

138 2079 167 2089 -
179 2056 201 2101 5.
221 2054 292 2107 Quem
309 2057 403 2101 iberum
421 2069 512 2100 amnem
540 2055 593 2098 ciret
602 2055 621 2097 la
630 2055 752 2098 meilleure.
761 2055 913 2100 Neadvmtta

139 2116 252 2171 trajan:
261 2130 389 2173 remarqnaz
396 2125 452 2161 cotto
461 2128 513 2159 con·
540 2120 563 2160 te
574 2116 667 2172 quidem
676 2125 728 2160 veut
735 2118 783 2160 diro
793 2130 799 2160 ε
816 2119 913 2175 quoique

139 2178 511 2234 atmctionquiaeretrouvoauliv.
539 2189 595 2220 nous
612 2190 688 2232 soyons
703 2178 763 2221 sauls
780 2183 802 2221 ot
817 2191 862 2221 non
876 2179 913 2222 do

139 2237 304 2291 nitendi:
325 2241 416 2284 Ceteras
435 2253 512 2285 omnes
539 2244 591 2281 vant
606 2237 626 2280 le
644 2237 724 2293 public.
744 2238 772 2280 La
791 2239 912 2283 contradic·

139 2300 219 2354 copias
228 2300 322 2344 iberum
338 2302 440 2355 trajecit.
454 2302 510 2345 -6.
539 2301 586 2343 tion
602 2312 645 2356 que
662 2301 747 2355 Boering
763 2303 861 2345 tronvait
876 2313 911 2344 att-

141 2360 335 2417 [Seditltfiemot
343 2369 395 2416 peut
407 2363 469 2405 avoir
477 2361 513 2405 (tto
539 2369 638 2406 trecatto
655 2363 733 2418 phrasa
755 2371 776 2406 et
795 2364 852 2407 celio
871 2377 910 2421 qm

139 2421 202 2478 passe
217 2435 257 2478 par
274 2423 307 2466 lea
324 2424 417 2478 copiates
426 2424 437 2464 d
447 2436 512 2466 causa
538 2437 594 2468 nous
603 2437 670 2466 avons
679 2437 721 2468 ruo
736 2426 786 2481 plus
795 2426 863 2480 haut,
873 2440 909 2476 tta,

140 2484 399 2539 duudsuivaut‚genro
417 2485 512 2528 doiaute
540 2485 661 2542 ptorinndi
686 2490 775 2543 tempus
800 2489 909 2540 maenaa

140 2545 375 2601 tros-frequentdans
391 2546 423 2589 ios
437 2558 513 2589 manu·
539 2560 612 2589 unum
634 2551 674 2599 eat,
693 2549 787 2605 n'existc
799 2554 912 2605 pas-⁸1,

140 2607 512 2652 sariu.t0utet01scron0vaatme
540 2611 579 2655 Cn.
598 2611 738 2655 Servilius...
755 2613 866 2658 'rite-Lito
883 2616 916 2660 dit

140 2672 215 2715 miaux
224 2673 272 2713 noir
282 2672 309 2712 ici
319 2684 362 2713 une
372 2672 511 2727 aposiopdso:
540 2672 567 2715 de
576 2685 613 2714 cos
621 2672 678 2715 deux
687 2673 777 2716 consuls
786 2674 813 2718 do
828 2676 915 2722 l'annoa

141 2732 215 2786 Quum
224 2731 513 2787 diuprocerauii...tan-
540 2734 670 2790 procedunto
697 2736 739 2791 (ch.
765 2736 799 2790 52)
821 2752 827 2780 :
855 2739 915 2784 Fun

141 2806 211 2850 quum
221 2793 424 2849 procartttoqinia
433 2793 513 2836 moeni-
539 2807 624 2840 narinus
637 2807 690 2837 cum
702 2808 792 2840 summa
811 2798 876 2846 inter
891 2814 916 2846 ae

138 2855 240 2899 bus-i
257 2853 302 2897 Sed
320 2865 366 2897 non
384 2855 511 2910 utortaoar.
539 2855 664 2900 concordia
678 2855 765 2899 bellum
784 2867 913 2913 pesuerunt.

130 2916 192 2959 Getta
200 2917 336 2974 espttcan'un
345 2919 417 2975 paruit
430 2919 477 2962 titre
486 2929 514 2962 en
541 2940 568 2951 —
575 2918 596 2962 8.
607 2916 731 2967 bonorare.
741 2919 842 2974 souss'nir,
851 2924 915 2969 a'ast-
