1904 3216
86 138 135 232 rm
392 179 554 229 omrmrrs
645 158 647 165 '

117 300 155 356 lt,
169 298 279 357 hercule,
294 295 396 359 nequid
411 309 502 345 novum
513 295 541 344 iu
556 309 597 344 cas
608 300 722 355 rogetur,
731 298 864 353 recusant,

84 383 136 419 non
151 370 199 432 jus,
216 370 257 417 sed
279 367 397 429 injuriam
417 366 592 428 deprecantur.
605 366 657 414 lmo
670 370 707 420 ut,
719 376 794 425 quam
816 377 864 411 ac-

85 440 194 502 cepistis,
207 438 316 501 jussistis
328 436 458 497 suffragiis
471 437 558 485 vestris
571 436 659 497 legem,
672 448 745 499 quam
762 446 809 481 usu
825 439 866 482 tot

87 523 211 558 annorum
223 514 248 558 et
258 507 405 570 experiendo
412 507 601 568 comprobastis,
608 505 673 554 hanc
685 512 712 553 ut
722 502 864 565 abrogctis:

87 581 113 629 id
127 586 171 636 est,
183 589 213 630 ut
220 593 296 628 unam
310 577 419 625 tollendo
432 575 512 636 legem
528 582 625 626 ceteras
641 574 781 624 infirmetis.
790 572 866 623 Nulla

88 651 128 698 lex
141 651 202 698 satis
215 647 343 698 commoda
356 646 473 695 omnibus
489 653 526 694 cst
541 660 547 694 :
562 646 589 694 id
605 645 679 695 modo
691 643 823 707 quaeritur,
841 644 866 693 si

88 721 177 780 majori
185 718 250 781 parti
263 723 288 767 et
298 716 325 766 iu
332 729 429 766 summa
438 716 549 776 prodest.
561 716 596 773 Si,
604 716 670 778 quod
680 716 799 776 cuiquam
806 713 866 778 pri·

87 789 162 838 vatim
169 787 260 836 officiet
268 787 317 847 jus,
326 785 354 834 id
361 785 471 833 destruet
476 799 505 834 ac
512 786 738 846 demolietur,quid
746 784 868 835 attinebit

88 857 219 904 universos
230 868 319 917 rogare
330 854 476 916 legesques
491 867 548 903 mox
561 856 690 914 abrogare,
699 854 726 903 in
737 867 800 915 quos
807 854 868 906 latae

88 935 155 980 sunt.
163 925 276 987 possint?
289 925 347 974 llolo
355 931 439 973 tumen
451 923 549 983 audire,
562 924 671 986 quidsit‚
683 930 786 985 propter
796 926 869 987 quod

87 1001 379 1045 matronaecousternatae
391 994 596 1058 procucurrerint
610 994 636 1042 in
646 994 867 1055 publicum,acrix

87 1065 141 1114 foro
150 1079 177 1113 se
194 1073 218 1114 et
231 1066 350 1115 concione
367 1064 516 1112 abstineant.
528 1063 559 1112 Ut
573 1063 604 1125 tl)
619 1062 710 1123 captivi
722 1064 752 1111 ab
768 1064 868 1114 llanni-

88 1132 869 1197 baleredimanturparentes,riri,liberi,fratresearum‘tPro-

88 1209 128 1256 cul
139 1209 217 1267 abest,
228 1210 342 1272 absitque
356 1220 456 1269 semper
466 1205 524 1253 talis
535 1207 637 1254 fortuna
650 1205 811 1268 reipublicae;
821 1209 868 1259 sed

87 1286 181 1338 tamen,
196 1292 276 1340 quum
288 1280 345 1334 fuit,
356 1276 467 1339 negastis
479 1276 526 1324 hoc
539 1275 589 1338 piis
601 1276 717 1339 precibus
727 1290 826 1329 earum.
837 1281 869 1330 tt

88 1366 138 1401 non
146 1355 224 1413 pietas
234 1368 278 1404 nec
288 1352 432 1402 sollicitudo
438 1364 484 1412 pro
490 1350 553 1408 suis,
560 1351 601 1400 scd
607 1351 697 1413 religio
702 1354 869 1414 congregavit

88 1435 138 1469 eas.
149 1423 251 1472 llatrem
263 1423 359 1477 Idaeam,
370 1437 384 1469 a
395 1421 542 1469 Pessinunte
553 1435 583 1469 ex
597 1421 702 1483 Phrygia
709 1422 863 1487 venientem,

88 1498 231 1548 accepturae
244 1498 310 1539 sunt.
327 1490 389 1546 Quid
402 1490 536 1538 honesturn
551 1490 620 1538 dictu
638 1490 726 1539 saltem
743 1491 865 1543 seditioni

87 1559 252 1622 praeteuditur
263 1559 394 1610 muliebri?
404 1561 434 1610 Ut
442 1573 503 1610 auro
510 1567 535 1609 et
545 1575 657 1623 purpura
665 1562 813 1622 fulgeamus,
822 1564 866 1613 in-

88 1627 144 1689 quit
155 1629 203 1691 (8);
219 1638 248 1679 ut
262 1632 396 1694 carpentis,
412 1631 481 1680 festis
494 1631 662 1694 profestisque
680 1632 778 1689 diebus,
794 1635 866 1684 velut

88 1697 271 1760 triurnphantes
277 1702 308 1750 de
314 1702 369 1763 lege
376 1699 441 1750 victa
451 1709 476 1749 et
485 1703 612 1764 abrogata,
620 1709 644 1750 et
655 1703 733 1766 captis
740 1706 868 1767 etereptis

87 1769 219 1831 suffragiis
233 1772 331 1832 vestris,
339 1785 385 1834 per
396 1772 485 1821 urbem
495 1781 622 1823 rectemur
637 1790 642 1822 :
658 1788 690 1823 ne
699 1776 765 1824 ullus
776 1776 868 1828 modus

88 1840 240 1901 sumptibus,
255 1855 286 1892 ne
303 1841 407 1891 luxuriae
416 1841 458 1891 sit.

120 1908 189 1971 Srepe
203 1925 243 1960 me
256 1918 402 1975 querentem
412 1911 444 1960 dc
452 1912 612 1970 feminarum,
622 1926 687 1976 saepe
703 1913 734 1963 de
744 1913 868 1976 virorum,

89 1993 135 2030 uec
152 1980 184 2030 de
214 1983 371 2045 privatorum
399 1982 480 2036 modo.
499 1984 543 2032 sed
567 1984 641 2033 etiam
664 1986 870 2045 magistratuum,

91 2051 231 2113 sumptibus
243 2053 361 2110 audistis;
375 2053 531 2116 diversisque
544 2054 640 2104 duobus
647 2054 721 2117 vitiis,
729 2056 832 2104 avaritia
845 2062 871 2105 ct

90 2122 198 2178 luxuria,
213 2124 338 2174 civitatem
354 2124 486 2174 laborare:
503 2138 559 2186 quae
581 2133 661 2186 pestes
678 2125 760 2173 omnia
777 2139 872 2188 magna

91 2193 199 2253 imperia
213 2202 366 2245 everterunt.
386 2196 442 2245 llaec
456 2208 512 2256 ego,
529 2210 579 2257 quo
594 2196 684 2245 melior
699 2196 828 2258 laetiorque
843 2197 871 2248 in

91 2261 146 2310 dies
156 2263 258 2313 fortuna
269 2263 412 2327 reipublicre
422 2272 468 2321 est,
483 2265 673 2328 imperiumque
686 2266 717 2326 (9)
732 2266 831 2322 crescit,
845 2272 873 2316 et

90 2332 141 2394 jam
151 2332 177 2381 in
192 2332 311 2384 Graeciam
321 2334 450 2397 Asiamque
460 2336 672 2394 transcendimus,
681 2336 796 2384 omnibus
808 2337 871 2386 libi-

92 2402 178 2451 dinum
189 2405 315 2454 illecebris
324 2407 472 2468 repletas,et
480 2405 566 2466 regias
573 2407 649 2455 etiam
657 2413 871 2468 attrectamusga·

92 2486 140 2530 ras,
150 2485 179 2521 eo
188 2475 243 2536 plus
254 2476 352 2533 horreo,
359 2489 391 2525 ne
399 2475 451 2525 illae
461 2476 540 2537 magis
550 2489 590 2525 res
604 2489 649 2524 nos
659 2476 780 2538 ceperint,
792 2490 872 2538 quam

95 2588 209 2631 lierement
219 2591 246 2633 ici
258 2589 466 2645 legendemulieri·
493 2589 593 2633 discours
607 2591 659 2646 qu'il
671 2591 744 2634 devait
758 2592 874 2648 employer

95 2651 135 2694 lma
146 2650 234 2692 latm-
243 2653 262 2694 l.
279 2651 307 2695 tlt
316 2651 405 2707 captiui
408 2683 465 2694 .......
493 2650 656 2706 frequemment
665 2664 689 2694 ce
700 2657 750 2694 tour
764 2653 872 2696 oratoire.

96 2711 259 2765 Remarquezla
274 2713 370 2754 muniere
382 2713 467 2755 drama·
494 2711 547 2755 -8.
567 2711 662 2767 lnquit,-
681 2724 728 2767 roy.
747 2711 768 2754 le
788 2721 840 2756 note
859 2716 874 2758 5

96 2773 467 2830 tiqucdontCatonmetlesdamcs
495 2772 525 2814 du
552 2770 608 2813 llisc.
636 2771 686 2823 llll,
705 2784 726 2827 p.
750 2772 784 2817 68.
804 2797 831 2806 -
850 2776 871 2818 9.

94 2836 204 2880 romaines
223 2836 276 2878 daus
295 2835 342 2877 leur
361 2843 411 2878 tort.
435 2835 466 2878 On
494 2833 680 2889 Imperiumque:
691 2834 712 2876 la
721 2837 873 2879 construction

98 2899 142 2940 voit
148 2909 191 2952 par
207 2896 239 2938 les
253 2898 373 2956 fiagrueuts
389 2897 416 2938 de
431 2908 466 2938 ses
494 2895 521 2937 ‹lc
531 2895 551 2936 la
562 2896 640 2948 plrraso
650 2896 740 2949 imliquo
755 2897 808 2950 qu'il
823 2900 872 2941 faut
