1904 3216
124 160 174 212 562
310 198 313 202 -
436 158 597 210 outrtottus

159 277 250 335 Quodsi
261 277 342 326 ndhuc
352 275 383 324 de
400 274 505 325 Persidis
517 288 597 336 regno
605 289 662 326 cum
674 275 749 326 ilario
760 275 906 336 dimicares,

125 347 256 396 etsinemo
268 347 351 404 uellet,
364 352 446 394 tamen
461 358 491 394 ue
503 345 623 395 admirari
635 347 734 410 quidem
746 355 841 408 posset.
855 356 907 397 tam

125 424 247 479 prompte
257 430 309 466 esse
324 424 349 466 te
360 417 390 465 ad
400 429 473 465 omne
485 415 620 466 discrimen
634 417 746 467 uudeciae
763 430 769 465 ι
784 431 844 466 nam
861 416 906 468 ubi

125 488 196 550 paria
214 495 272 537 sunt
290 487 429 550 periculum
447 499 475 533 ac
494 486 637 546 premium,
655 495 681 536 et
693 487 813 537 secundis
827 489 908 539 rebus

123 558 231 621 amplior
241 559 338 607 fructus
349 563 387 607 est
397 562 422 605 et
433 555 541 604 aduersis
553 556 669 604 solatium
679 557 770 618 majus.
781 557 834 606 'luo
844 572 907 608 vero

124 628 203 690 cupite
217 627 352 690 ignobilem
367 626 449 674 vicum
461 625 511 673 emi
520 625 576 688 quis
584 627 704 676 ieratnou
715 633 818 678 tuorum
827 628 906 677 modo

123 697 243 756 militurn,
259 697 302 747 sed
315 696 394 746 ullius
407 695 489 755 gentis
501 695 613 746 burberae
622 696 693 756 ciris,
707 698 751 759 qui
766 705 839 747 tuum
851 712 907 747 ma·

121 769 280 832 gnitudinem
293 767 382 816 norit?
395 767 484 815 Horret
496 767 597 816 animus
609 769 758 830 cogitatione
774 770 812 819 rei
824 783 905 833 quum

122 840 206 902 paullo
214 845 272 888 ante
283 837 389 887 vidimus
405 853 411 885 ι
427 837 509 900 eloqui
520 838 604 896 timeo,
616 840 702 889 invicti
714 840 829 902 corporis
839 854 904 904 spo·

122 909 159 958 lia
177 907 340 957 inertissimas
357 921 447 956 manus
465 907 542 956 fuisse
557 907 701 966 iniecturus
714 908 765 958 nisi
780 917 806 957 te
816 909 903 960 inter-

120 986 221 1041 ceptum
242 977 383 1026 misericors
403 976 431 1025 in
449 990 495 1026 nos
515 977 615 1028 fortuna
637 987 765 1029 seruasset.
787 980 902 1031 Totidem

120 1049 269 1110 proditores,
292 1047 394 1095 totidem
409 1047 549 1099 desertores
562 1061 659 1106 sumus,
678 1055 740 1111 quot
753 1055 779 1099 te
788 1063 840 1098 non
852 1063 902 1111 po-

122 1119 217 1167 tuimus
225 1116 350 1179 persequi.
361 1116 490 1166 Universos
501 1119 559 1166 licet
567 1118 658 1168 milites
667 1119 806 1182 ignominia
816 1130 901 1181 notes,

120 1201 194 1238 nemo
207 1188 333 1236 recusabit
352 1187 422 1236 luere
438 1188 472 1245 id,
487 1189 553 1250 quod
566 1202 598 1238 ue
617 1189 765 1245 admitteret,
778 1199 903 1252 prestare

120 1271 170 1308 nnn
181 1257 272 1320 potuit.
286 1257 374 1306 Patere
382 1270 437 1313 nos.
450 1270 544 1319 queso,
557 1257 608 1307 ulio
619 1260 690 1308 modo
707 1273 762 1309 esse
769 1258 842 1310 ,viles
850 1261 894 1313 tibi

120 1339 278 1389 quocumque
290 1327 404 1389 jusseris,
417 1327 509 1376 ibimus
523 1343 529 1374 τ
543 1328 647 1376 obscura
659 1328 773 1392 pericula
781 1335 808 1379 el
825 1329 902 1392 igno-

119 1396 181 1447 biles
196 1411 291 1458 pugnes
303 1397 374 1445 nobis
383 1397 540 1460 deposcimus
556 1399 735 1461 :temetipsum
743 1399 775 1449 ed
783 1413 815 1449 ea
824 1414 901 1461 serra

120 1481 177 1530 quoe
188 1467 381 1528 magnitudinem
396 1475 463 1516 tuem
474 1468 583 1529 eupiunt.
601 1468 654 1518 Cito
666 1468 746 1530 gloria
760 1469 901 1520 obsolescit

118 1535 146 1585 iu
159 1537 263 1606 sordidis
272 1535 398 1593 ltostibus3
410 1550 456 1586 nec
471 1537 606 1598 quidquam
616 1537 747 1599 indignius
757 1543 805 1597 est,
818 1554 898 1602 quam

116 1606 230 1656 consumi
241 1619 295 1655 eam
307 1605 350 1654 ubi
362 1620 413 1654 non
425 1609 501 1670 possit
515 1607 620 1655 ostendi.

467 1839 538 1888 xxix

162 1984 221 2046 (lup.
235 1983 274 2042 25,
288 1984 328 2032 26.
343 1981 429 2034 Oratio
443 1979 579 2030 Alexandri
591 1981 690 2030 Cratero
703 1980 846 2046 ceterisque

359 2053 448 2101 amicis
458 2050 638 2115 respondentis.

142 2213 264 2257 Alexandro
277 2213 331 2255 rend
343 2213 418 2266 greces
431 2224 471 2252 aux
487 2209 638 2253 Macedonicus
651 2209 679 2254 de
689 2209 739 2253 leur
746 2209 893 2259 sollicitude:

116 2272 137 2316 le
146 2275 181 2316 vie
190 2287 218 2316 ne
229 2274 261 2316 lui
274 2286 303 2316 eu
313 2279 346 2315 est
359 2285 402 2328 que
415 2273 464 2327 plus
474 2273 548 2314 chere.
559 2271 628 2321 Quart
637 2283 666 2314 ttu
674 2282 769 2326 couruge
779 2273 818 2329 qui
834 2273 869 2319 tui
881 2289 893 2320 e

115 2334 166 2377 vulu
174 2335 222 2378 leur
233 2335 390 2383 attachement.
399 2335 414 2377 il
421 2335 477 2376 n’est
484 2333 556 2390 pasde
565 2333 615 2377 leur
624 2334 670 2376 eris
677 2345 683 2374 :
691 2333 706 2374 il
714 2332 846 2380 nochor-cbo
853 2349 894 2394 pas

115 2410 159 2439 une
168 2397 248 2452 longue
259 2399 303 2446 vie,
315 2399 370 2440 meis
378 2397 398 2440 lu
409 2396 487 2451 gloire.
498 2418 524 2428 -
533 2395 550 2438 ΙΙ
563 2396 652 2450 pouvait
662 2395 722 2438 vivre
732 2397 891 2452 tranquilletur

115 2460 245 2510 llacedoiue,
256 2461 310 2503 dens
319 2460 416 2516 l'espoir‚
424 2459 532 2514 peut-etro
543 2459 600 2507 vain,
611 2457 663 2500 d'un
674 2458 725 2513 long
735 2457 821 2514 regnu
834 2462 892 2506 meis

114 2523 126 2563 d
143 2527 241 2578 compter
257 2522 289 2564 les
308 2523 412 2565 victoires
429 2527 452 2564 et
467 2532 511 2563 non
528 2521 560 2562 les
576 2519 664 2569 nnnees,
684 2518 700 2561 il
719 2531 787 2576 pense
804 2521 891 2576 qu'ilu

115 2582 162 2635 deii
172 2583 284 2638 beaucoup
300 2584 362 2626 νόου.
377 2607 403 2615 -
413 2583 472 2624 Perti
488 2582 514 2624 de
534 2580 611 2623 lnibles
630 2589 838 2632 commencemente,
850 2582 889 2628 ile

114 2645 195 2687 etteiut
208 2657 300 2700 presque
310 2645 341 2687 les
351 2645 432 2687 bernes
444 2644 473 2686 du
484 2643 569 2685 monde.
588 2640 663 2690 Ouelle
681 2640 788 2696 rupiditdl
806 2654 852 2697 que
862 2643 891 2688 dn

114 2706 189 2748 succes
197 2706 318 2760 comportes
325 2719 353 2749 en
360 2719 403 2760 peu
411 2705 526 2748 d'auueest
536 2709 559 2746 et
565 2703 587 2746 le
593 2703 625 2745 mi
634 2703 738 2746 cessorait
745 2703 773 2746 de
780 2703 890 2750 ebercber

114 2764 134 2808 la
142 2767 224 2820 gleire!
235 2768 288 2817 Non,
300 2769 315 2809 il
325 2767 445 2810 combuttru
455 2766 563 2820 toujours,
571 2763 685 2808 ennobliru
693 2763 726 2807 les
732 2763 792 2808 lieux
799 2764 833 2808 les
840 2767 888 2822 plus

113 2827 210 2869 obscurs.
222 2827 238 2869 ll
251 2837 285 2871 est
297 2828 352 2870 beau
363 2829 390 2871 de
400 2827 503 2870 mourird
512 2833 570 2868 cette
579 2826 650 2875 mehe.
663 2832 686 2869 et
694 2825 769 2868 miuus
779 2834 833 2870 veut
843 2840 889 2872 uue

110 2888 144 2932 rie
154 2889 206 2934 bien
216 2890 291 2948 pleine
300 2889 467 2949 qu'uuelouque
474 2889 548 2931 rie-
555 2886 610 2930 litus
618 2899 650 2929 uu
657 2898 707 2942 pays
717 2886 745 2928 od
752 2885 889 2939 unciemno
