1904 3216
319 112 355 160 ct
373 113 439 161 tlvll
458 111 545 161 clano
561 110 628 162 m.
817 112 864 162 ‘tta
886 126 888 131 ’

120 225 161 273 Est
172 224 272 286 quidem
284 224 338 286 ejus
348 224 391 286 qui
401 224 451 282 dat,
460 239 509 274 non
524 225 567 286 qui
578 225 649 287 petit,
658 224 812 275 conduiones
820 224 864 274 di-

87 307 146 343 cere
155 295 222 355 pacis
236 311 241 340 :
257 295 300 343 sed
313 295 416 343 forsitan
429 309 477 344 non
489 294 585 357 indigni
595 295 674 344 simus
684 295 727 358 qui
740 296 864 345 nobismet

90 365 137 426 ipsi
149 365 198 426 (ll)
212 364 328 413 mulctam
341 365 490 426 irrogemus.
502 365 770 427 b‘onrecusamusquin
780 365 863 415 omnia

89 441 190 494 propter
202 447 257 496 quae
271 434 402 483 adbellum
416 435 529 491 itumest,
543 443 624 484 vestra
634 435 692 491 sint,
704 434 796 492 Sicilia,
809 437 863 484 Sar

88 504 164 560 uiola,
172 504 564 567 Hispaniaquidquidinsularum
571 512 622 554 toto
632 506 698 555 inter
706 505 864 555 liricamlta·

88 575 196 637 liamque
208 575 349 623 continetur
359 575 432 625 mari.
441 575 666 637 Carthaginienses,
679 574 769 625 inclusi
775 574 863 625 Abina}

89 643 226 702 littoribus,
236 658 279 694 vos
291 646 398 708 [quando
410 645 608 708 itadiisplacuitl
616 644 799 694 externaetiam
807 651 864 694 ter-

88 714 242 776 romanique
253 714 381 764 videamus
389 723 503 779 regentes
512 715 626 778 imperia.
635 716 704 765 llaud
712 715 862 778 negaverim,

88 792 190 848 propter
198 798 249 833 non
260 785 337 835 nimis
350 785 447 842 sincere
462 786 566 849 petitam
582 794 626 835 aut
638 791 801 849 exspectatam
813 798 864 836 nu·

88 869 232 918 perpacem,
243 863 384 919 suspectam
392 870 444 906 esse
452 857 521 906 vobis
531 857 649 906 Punicam
657 856 739 905 fidem.
749 856 862 915 linitum,

87 941 132 989 per
141 942 203 988 quos
210 929 287 990 petita
296 928 336 984 sit,
347 929 457 978 adfldem
464 928 562 979 tuendae
568 927 636 991 pacis
645 928 764 991 pertinet,
773 927 866 992 Scipio.-

89 995 167 1044 Vestri
179 1010 277 1059 quoquc
294 997 331 1057 (ut
346 997 431 1062 audio)
444 1005 526 1062 patrea
542 997 659 1047 nonnihil
673 997 747 1046 etiam
762 997 793 1046 ob
804 997 861 1054 hoc,

87 1069 146 1128 quia
161 1080 251 1129 parum
263 1069 394 1131 dignitatis
406 1069 432 1117 in
443 1068 566 1132 legatione
577 1074 640 1127 erat,
651 1073 806 1131 negaverunt
817 1081 863 1130 pa-

87 1137 279 1187 cemllannibal
286 1145 343 1202 peto
350 1152 434 1201 pacem
445 1157 451 1187 :
462 1140 505 1201 qui
510 1153 591 1202 neque
598 1139 763 1202 peteremnisi
773 1138 862 1188 utilem

87 1208 227 1268 crederem,
248 1215 273 1258 et
293 1216 395 1271 propter
407 1210 516 1260 eamdem
540 1211 672 1259 utilitatem
689 1210 779 1260 tuebor
795 1222 861 1267 eam,

89 1283 274 1341 propterquam
281 1278 351 1341 petii.
363 1277 390 1327 lit
400 1279 616 1341 quemadmodum,
627 1277 686 1340 quia
697 1290 761 1327 ame
766 1275 862 1326 bellurn

88 1353 197 1407 coeptum
207 1355 254 1405 est,
265 1361 297 1396 ne
311 1361 386 1410 quem
395 1348 450 1411 eJ'ua
462 1349 601 1412 paeniteret,
614 1347 695 1410 quoad
707 1347 732 1396 id
743 1347 792 1410 ipsi
800 1345 862 1397 inti-

88 1417 147 1466 dere
159 1417 200 1466 dei
220 1417 279 1478 (111,
294 1419 415 1480 praestiti;
433 1418 469 1468 ita
480 1418 587 1474 annitar,
600 1431 631 1466 ne
645 1431 719 1480 quem
737 1414 805 1480 pacis
815 1427 861 1478 per

88 1500 128 1537 me
139 1495 217 1550 partae
228 1489 353 1551 poeniteat.

445 1646 517 1696 CXLV

182 1753 237 1816 Cap.
250 1749 289 1800 51.
304 1753 390 1803 Oratio
405 1751 531 1816 Scipionis
544 1753 579 1800 ad
591 1752 766 1804 Hannibalem.

114 1859 144 1903 Le
153 1867 228 1902 ratoor
237 1857 363 1901 d'Hnnnibal
372 1857 427 1902 raud
437 1858 449 1901 a
465 1858 570 1913 Carthago
586 1871 609 1901 sa
619 1858 693 1910 fimet
708 1859 750 1902 elle
760 1857 861 1902 voudrait

89 1920 144 1963 loire
154 1922 258 1963 sanctioni
267 1931 293 1965 er
304 1921 322 1962 la
334 1920 438 1963 violatioo
449 1920 487 1962 des
496 1919 584 1970 traitea;
600 1921 656 1963 mais
665 1921 717 1963 c'est
727 1928 783 1964 cette
793 1921 860 1964 viola·

89 1985 135 2026 tion
143 1985 201 2038 qnia
212 1986 253 2026 mis
263 1987 273 2026 ir
286 1986 351 2025 ltorne
362 1983 394 2026 les
406 1981 500 2026 armes'a
511 1982 531 2025 la
541 1982 615 2033 maim
633 1981 664 2024 les
675 1981 739 2023 dieux
749 1982 801 2024 l'ont
810 1994 860 2038 pro·

89 2046 150 2100 legen
160 2053 182 2089 et
197 2045 217 2088 la
234 2046 379 2101 protegeront.
399 2067 420 2075 —
430 2044 452 2087 st
462 2043 568 2087 Hannibal
586 2044 622 2086 etlt
638 2044 708 2098 quitto
726 2043 859 2088 volontaire·

89 2113 148 2149 ment
157 2106 240 2156 l'ltalie,
252 2107 338 2162 Scipion
348 2106 436 2160 pouvait
448 2104 479 2147 lui
494 2105 570 2148 devoir
579 2104 687 2160 quelques
701 2104 794 2158 dgards3
804 2105 820 2148 il
830 2117 859 2150 ne

89 2170 119 2211 lui
130 2182 157 2212 en
167 2169 212 2211 doit
223 2170 290 2224 point.
303 2192 329 2200 -
344 2167 388 2218 Quo
405 2167 425 2209 la
435 2167 560 2222 repar-atlon
577 2167 620 2209 soit
637 2166 753 2221 complete,
770 2178 799 2209 ou
815 2179 859 2223 que

87 2229 190 2284 Carthago
200 2230 255 2272 lasse
266 2231 285 2272 la
296 2242 382 2284 guerre.

117 2344 169 2393 llon
181 2358 219 2391 ine
231 2343 337 2398 fallebat,
354 2341 483 2398 Hannibal,
493 2341 611 2390 adventus
624 2341 659 2389 tui
674 2353 716 2403 ape
730 2341 859 2404 Cartbagi-

88 2466 113 2508 a'n
137 2465 203 2508 bello.
232 2488 257 2495 -
284 2467 316 2508 11.
346 2464 459 2507 Nobismet
486 2462 571 2505 decline
582 2461 713 2506 d'ordinaire
728 2475 755 2506 ou
770 2463 856 2517 tombe;

88 2525 141 2581 ipsi,
152 2531 174 2566 et
187 2536 230 2566 non
246 2524 309 2580 ipsis,
320 2525 358 2579 qui
375 2524 415 2566 lait
429 2536 459 2566 un
486 2529 542 2567 cette
551 2523 680 2578 expe'rienca
689 2523 791 2579 inspirat
805 2525 859 2568 l'an·

87 2586 308 2629 morienna-12.
320 2584 400 2637 Quoad
413 2584 459 2640 ipsi
486 2585 699 2640 thropomorphismo
715 2589 778 2641 palen
794 2587 858 2630 l'idee

89 2648 114 2690 td
136 2648 272 2690 inuiderunt
291 2648 337 2697 dei,
356 2647 459 2702 jusqu'au
486 2647 513 2690 de
531 2647 551 2689 la
567 2647 662 2701 jalousie
681 2645 720 2690 des
737 2647 858 2703 dieux,qui

88 2712 148 2765 point
158 2711 262 2752 d'exciter
272 2710 294 2751 lu
303 2709 407 2762 jolouaie
420 2708 460 2753 dea
485 2722 590 2765 reponsse
601 2709 702 2752 l'homroa
716 2709 770 2752 dans
784 2709 817 2752 los
831 2710 861 2750 li·

88 2771 165 2813 dieue.
186 2775 212 2813 la
235 2771 322 2813 fortune
347 2771 459 2821 humalde,
486 2772 551 2815 mites
565 2770 592 2814 de
607 2766 877 2820 l'liuman'n'errandb

88 2833 172 2876 arrirde
190 2835 201 2876 a
219 2846 247 2876 un
264 2832 371 2878 ands-itaut
387 2835 460 2893 point,
487 2835 560 2894 paruit
575 2834 649 2880 suile
663 2834 732 2891 point
745 2825 893 2873 1111111111,
