1904 3216
125 182 171 234 lta
428 183 588 234 outrionns

125 297 244 356 barcello,
257 297 323 361 quod
336 298 458 348 Neronem
472 297 609 347 inexilium
623 302 659 346 tot
666 297 841 349 innocentium
852 295 899 346 im·

124 368 225 433 pulerit.
239 369 375 420 Frueretur
386 368 497 433 praemiis
508 375 533 418 et
546 369 703 432 impunitate,
720 368 899 434 Vespasianum

124 437 269 490 melioribus
282 439 446 503 relinqueret.

501 647 518 700 b

274 789 329 852 Gap.
345 790 368 839 8.
386 790 519 854 Respoaaio
533 788 607 854 llprit'
623 788 745 840 Marcelli.

154 963 207 1012 lton
216 976 287 1012 suam
303 963 449 1013 sententiam
465 964 617 1027 impugnari,
629 964 671 1014 sod
686 963 818 1013 consulem
831 963 900 1014 desi·

124 1039 226 1095 gnatum
239 1034 365 1083 censuisse
372 1032 470 1084 dicebat
480 1034 704 1083 seoundumvetera
711 1033 833 1096 exempla,
841 1047 899 1097 qliae

125 1108 216 1152 sortem
230 1103 396 1166 legationibus
407 1105 555 1167 posuissent,
568 1119 600 1154 ne
611 1104 741 1154 ambitioni
756 1110 801 1153 aut
812 1103 900 1154 inimi·

124 1172 190 1223 citiis
202 1173 271 1222 loeus
286 1174 359 1223 foret.
374 1174 437 1222 Nihil
452 1174 563 1223 evenisse
575 1188 620 1222 cur
631 1171 768 1236 antiquitus
782 1172 897 1224 instituta

124 1244 300 1303 exolescerent,
313 1253 356 1294 aut
372 1245 494 1306 Principis
512 1246 591 1294 honor
603 1245 630 1293 in
644 1245 794 1307 cujusquam
810 1249 900 1295 eontu-

125 1314 224 1364 meliam
234 1321 372 1365 verteretur
385 1330 393 1362 :
409 1316 523 1364 sullloere
537 1328 622 1364 omnes
635 1314 762 1376 obsequio.
778 1313 900 1377 iumagu

124 1382 252 1432 vitandum
265 1397 295 1432 ne
312 1384 450 1446 pervicacia
465 1384 620 1444 quorundam
636 1383 781 1433 irritaretur
798 1383 900 1434 animus

124 1467 185 1502 novo
200 1453 485 1516 principatususpensus
492 1461 517 1504 et
528 1455 613 1504 vultus
621 1467 720 1517 quoque
728 1468 757 1504 ao
766 1466 899 1505 sermones

109 1522 235 1571 omnium
245 1524 463 1586 oileumspeotans.
482 1524 511 1572 Se
522 1523 668 1573 meminisse
684 1529 826 1587 temporum
840 1522 899 1587 qui·

125 1591 171 1641 bus
181 1597 253 1641 natus
265 1593 307 1648 sit,
318 1606 394 1655 quam
403 1593 512 1643 civitatis
523 1593 628 1642 formam
634 1598 715 1656 patres
724 1591 815 1654 avique
824 1591 898 1642 insti-

125 1663 236 1711 tuerint:
251 1663 371 1712 ulteriora
378 1662 410 1728 (l)
424 1663 521 1720 mirari,
527 1664 657 1726 praesentia
670 1662 739 1727 sequi
749 1662 898 1712 :bonoslm

124 1738 248 1794 penatores
267 1739 322 1781 roto
340 1740 455 1797 expetere
461 1750 468 1791 ;
491 1735 684 1797 qualescumque
702 1735 819 1783 tolerare.
842 1732 898 1782 Nou

125 1802 203 1865 magis
212 1817 257 1851 sua
264 1803 376 1853 oratione
386 1805 516 1853 Thraseam
531 1819 605 1867 quam
613 1802 706 1867 judicio
720 1808 822 1852 senatus
832 1802 898 1852 affli-

124 1877 198 1921 ctum.
214 1873 336 1922 Saevitiam
349 1874 452 1923 Neronis
465 1888 508 1936 per
519 1873 640 1937 ejusmodi
654 1873 776 1936 imagines
788 1871 823 1937 (2)
838 1872 898 1922 illu·

125 1943 200 2000 sisse3
212 1957 257 1992 neo
268 1944 351 1993 minus
362 1945 407 1994 sibi
413 1945 510 1993 anniam
521 1946 595 1993 talem
606 1944 749 2001 amicitiam,
758 1942 898 2006 quamaliis

124 2013 233 2062 exilium.
252 2015 361 2076 Denique
378 2015 524 2072 constantia,
544 2014 699 2073 fortitudine,
717 2013 854 2064 Catonibus
873 2019 899 2064 et

34 2119 35 2122 η
124 2083 207 2133 Brutis
215 2092 356 2146 aequaretur
365 2085 503 2134 llelvidius:
515 2099 540 2132 se
551 2098 629 2133 unum
639 2097 693 2132 esse
705 2097 734 2132 ex
744 2082 788 2132 illo
797 2087 896 2141 senam,

124 2157 166 2219 qui
173 2157 248 2206 simul
258 2156 380 2204 servierit.
393 2156 500 2204 Suadere
513 2156 589 2204 etiam
599 2156 814 2218 Priso0,nesupra
823 2155 896 2205 rriu-

123 2228 203 2289 oipem
216 2226 351 2284 scanderet,
368 2239 399 2274 ne
411 2226 594 2288 Vespasianum,
612 2239 695 2274 senem
705 2225 896 2288 triumphalem,

121 2296 379 2360 juvenumliberorum
386 2296 761 2359 patrem,praeoeptiscoerceret.
768 2293 898 2351 Quomodo

123 2368 237 2430 pessimis
246 2367 498 2429 imperatoribussine
507 2368 897 2433 finedominationem,itaquam·

122 2437 159 2488 ris
174 2437 207 2501 (3)
222 2437 330 2498 egregiis
339 2436 435 2485 modum
454 2436 577 2486 libertatis
587 2439 693 2500 placere.

122 2595 274 2642 laiteutendre
284 2595 426 2638 directemeut
439 2594 492 2648 l'op-
518 2595 631 2648 ejusmodi
656 2594 784 2650 imagines,
801 2606 844 2651 par
861 2608 896 2641 ooo

122 2657 175 2716 pose
185 2659 212 2701 de
224 2670 249 2700 ce
258 2669 302 2712 que
315 2661 367 2700 veut
383 2656 430 2698 dire
442 2655 492 2698 ilel-
518 2657 646 2699 simulacres
665 2657 860 2711 ‹l'interrogatoire
875 2664 897 2702 et

123 2720 202 2763 vidius.
518 2717 544 2759 de
552 2718 776 2760 condamnationdans
789 2719 811 2761 lo
820 2719 896 2765 senat:

148 2781 172 2824 L.
185 2784 205 2825 1.
222 2780 346 2831 Ulteriora,
362 2792 386 2822 oe
404 2780 441 2834 qui
459 2785 492 2822 est
519 2780 539 2822 le
549 2787 595 2823 sort
608 2781 634 2823 de
649 2779 741 2823 l'aocuso
751 2779 806 2823 e‘tait
816 2782 895 2826 decido

118 2855 148 2886 au
159 2842 208 2886 dell
218 2843 248 2886 ‹lu
263 2843 358 2898 premier
367 2853 490 2896 emporeur,
519 2839 626 2881 l'avanoe.
637 2861 662 2870 -
671 2840 691 2882 5.
710 2838 823 2891 Quamvis
839 2852 896 2897 poue

111 2906 182 2952 ultra
206 2908 350 2965 Augustum.
368 2926 397 2937 -
413 2904 437 2949 b.
454 2903 497 2948 Per
524 2900 680 2957 quantumuis.

52 2948 73 3008 b
