1904 3216
318 193 354 242 tx
372 193 438 242 llvll
456 193 542 243 LIBRO
559 192 637 243 xxti.
818 189 866 241 177

89 307 433 369 tmnslersmusquebellum3
445 322 571 358 vereorne
579 309 619 357 cui
628 309 739 358 testeum
749 307 829 366 mulus
836 307 861 356 id

93 378 412 439 audaciusqueconsilium,
424 393 499 441 quam
514 385 558 429 aut
566 393 612 441 pro
626 378 862 428 memoriaeladium

94 462 174 510 nuper
186 453 352 507 accepturum,
363 456 404 496 uut
419 462 463 510 pro
471 453 542 497 aetute
551 463 604 498 ines
614 449 735 498 videntur.
749 449 861 496 Adversae

92 532 184 580 puguae
201 518 225 565 in
238 518 351 578 Hispania
361 518 456 566 nullius
467 518 492 565 in
504 520 595 575 animo,
610 532 685 580 quum
697 532 762 574 meo,
778 519 860 567 minus

89 587 219 637 obliterari
237 593 352 648 possunt:
370 591 463 651 quippe
476 588 516 637 cui
535 594 769 651 nuncupamus,
790 587 858 636 intra

91 656 300 717 trigintndierurn
306 657 452 720 spatium,ut
459 657 527 706 aliud
533 670 608 719 super
614 656 861 707 aliudournulareiur

93 726 381 782 tamiliaenostraelunus,
390 727 514 776 interfecti
522 734 587 778 sunt.
595 729 640 778 scd
648 726 856 789 utiamiliarisll)

90 809 164 858 omne
183 796 277 844 orbitas
291 808 321 845 nc
339 796 446 845 solitudo
458 796 550 859 trangit
563 797 682 853 animum,
702 796 735 846 im
756 796 857 859 publicu

92 882 170 930 quum
184 868 291 925 fortuna,
303 875 359 918 tum
374 869 460 924 virtus,
478 870 609 932 desperare
620 870 650 919 de
662 884 760 919 summa
769 884 858 919 rerum

93 937 216 999 probibet.
233 939 266 988 iia
283 939 334 987 suto
342 938 447 1000 quodam
458 946 514 988 nuta
526 940 595 988 nobis
603 953 656 989 sors
662 946 708 995 est,
721 944 749 988 ut
762 940 858 1003 maguis

90 1008 209 1056 omnibus
216 1008 289 1056 bellis
297 1008 688 1064 rictiticct·iinus.leteruomitto,
695 1009 858 1065 Porsennam,

92 1078 182 1133 Gallos,
190 1079 325 1127 Smnnitcs:
338 1093 352 1127 u
364 1079 463 1130 Punicis
471 1079 543 1129 bellis
551 1079 676 1141 incipiam.
685 1079 748 1135 Quot
758 1081 858 1129 classes.

89 1154 154 1209 quot
168 1148 252 1203 duces,
261 1153 320 1209 quot
331 1148 455 1198 exercitus
464 1149 547 1209 priore
555 1148 619 1198 bello
628 1149 711 1197 amissi
721 1150 793 1197 suutl
806 1147 860 1196 Jam

88 1217 211 1280 quidhoc
224 1218 290 1266 bello
307 1232 442 1268 memorem
457 1218 513 1284 (2)‘l
532 1219 652 1269 Omnibus
669 1224 713 1268 aut
725 1218 777 1282 ipse
792 1219 861 1268 adfui

89 1288 214 1344 cladibus,
228 1294 272 1339 aut
287 1289 378 1351 quibus
394 1290 471 1347 ablui,
488 1290 593 1340 ctissime
609 1304 674 1339 unus
687 1289 800 1339 omnium
820 1302 862 1339 eus

89 1358 165 1406 sensi.
174 1359 269 1415 Trebio.
282 1359 446 1417 Trasimenus.
458 1362 555 1418 cunum
568 1360 629 1423 quid
640 1360 707 1410 aliud
717 1366 775 1409 sunt
784 1374 860 1423 quam

91 1437 252 1480 monumenta
265 1431 404 1481 occisurum
415 1432 567 1482 exercituum
579 1433 759 1493 consulumque
772 1432 862 1481 Roma-

90 1499 274 1550 norumildde
285 1501 449 1551 deiectionem
462 1503 547 1558 ltalite.
558 1502 649 1554 Siciliae
661 1502 760 1564 iunioris
771 1502 858 1565 partis,

87 1573 221 1624 Surdiniae.
236 1573 302 1622 Adue
322 1575 440 1624 ultimum
455 1580 622 1624 terroremue
642 1586 766 1636 putorem,
778 1579 858 1622 castre

90 1642 184 1691 Punica
198 1642 265 1692 inter
276 1642 395 1694 Anienem
407 1652 434 1693 et
450 1645 538 1693 moenin
554 1645 660 1693 Romanu
673 1643 760 1705 posits,
780 1649 806 1692 et
819 1642 859 1691 vi-

87 1726 149 1762 sum
161 1725 238 1774 prope
251 1712 277 1761 in
290 1714 369 1776 portis
377 1715 494 1763 victorem
505 1714 674 1763 liminibulcm.
684 1712 712 1762 ln
726 1713 771 1761 linc
781 1711 857 1761 ruina

88 1795 179 1831 rerum
192 1782 262 1832 stetit
274 1798 323 1832 uun
338 1783 517 1847 integramque
532 1783 665 1833 immobilis
679 1784 757 1831 virtus
771 1781 856 1844 populi

90 1853 214 1902 Romani:
235 1854 288 1903 baec
300 1856 382 1904 omniu
399 1864 475 1904 stratu
487 1856 557 1904 butni
576 1853 655 1904 erexit
669 1868 697 1901 nc
711 1852 824 1902 sustulit.

124 1923 169 1971 Vos
181 1923 294 1973 omnium
303 1925 389 1987 primi,
407 1926 507 1981 milites,
522 1932 577 1987 post
590 1926 743 1973 Cannensem
762 1922 858 1972 cludem

89 1993 191 2043 vadenti
206 1995 351 2045 llnsbrubuli
366 1997 395 2045 ad
410 1998 480 2056 ‚lines
495 1997 649 2058 italiamque,
661 1994 704 2057 qui
722 1993 743 2042 si
760 2008 786 2042 sc
802 2007 860 2042 cum

89 2065 171 2113 fratre
180 2065 357 2127 conjunxisset,
371 2067 529 2129 nullumjum
541 2080 628 2115 numen
640 2073 703 2115 esset
717 2063 801 2126 populi
816 2064 862 2112 llo

89 2134 160 2184 muni
171 2134 215 2198 (3),
227 2136 302 2185 ductu
312 2138 470 2200 auspicioque
483 2138 615 2199 putrismci
625 2134 756 2185 obstitistis
766 2149 774 2192 ;
786 2139 811 2182 ct
820 2135 859 2183 hm

89 2207 205 2255 secuudae
217 2220 258 2256 res
272 2205 327 2255 illas
338 2207 452 2256 adversus
459 2207 640 2256 sustinuerunt.
655 2205 731 2259 Nunc,
742 2204 860 2266 benigni-

90 2282 142 2324 tate
156 2277 239 2332 decim,
250 2276 332 2325 omniu
347 2277 462 2333 secunda,
475 2291 602 2340 prospero,
620 2275 708 2324 indies
725 2274 821 2324 laetiora
833 2289 863 2324 ao

90 2345 196 2395 meliora
208 2345 235 2394 in
244 2347 314 2396 ltaliu
321 2346 451 2409 Siciliaque
461 2354 592 2409 geruntur.
603 2348 631 2395 lu
641 2343 721 2393 sicilici
728 2345 860 2406 Syracusae,

117 2476 200 2520 cmv.
220 2475 288 2533 Vocet
307 2477 328 2520 la
352 2477 463 2520 namuco
492 2477 587 2533 scurilia
604 2481 644 2520 est.
664 2500 690 2509 -
710 2475 786 2520 tuoe
801 2476 862 2520 letto

89 2538 123 2583 XL
134 2551 173 2581 sur
182 2537 203 2581 ls
212 2539 345 2582 nomiuution
354 2538 384 2581 du
395 2537 463 2592 jcuue
490 2551 619 2590 memorent,
634 2537 735 2593 supplies
747 2539 862 2582 exercitus

88 2600 178 2654 Scipion
190 2612 219 2643 nu
236 2599 463 2643 eommnridcmentde
490 2600 591 2642 amissos.
610 2622 638 2632 -
656 2600 676 2643 5.
700 2598 795 2644 Nullum
808 2601 862 2655 jam

88 2662 212 2718 l'Rspsgne.
229 2662 256 2705 Le
276 2661 327 2705 lond
347 2661 408 2705 dccc
419 2660 463 2703 dis-
490 2672 571 2703 nomeu
585 2663 642 2704 esset
654 2659 736 2717 populi
755 2660 859 2712 Romani,

88 2735 155 2766 cours
173 2730 207 2766 est
223 2722 337 2779 emprimtt
350 2724 363 2766 l
376 2722 463 2778 Polybe,
489 2733 545 2777 pour
552 2721 631 2764 trullus
637 2722 689 2775 jam
698 2727 755 2766 estet
760 2722 861 2778 populus

89 2784 126 2826 liv.
139 2781 238 2835 Lem&
251 2785 305 2826 -1.
317 2781 460 2832 ramittam,
487 2783 618 2835 Romanum
633 2784 716 2829 lomna
734 2785 860 2829 Romanum

88 2832 143 2886 cinus
156 2843 177 2885 lc
191 2855 242 2886 sens
255 2855 335 2898 propre
349 2857 355 2886 ι
370 2843 461 2898 quoad
489 2850 523 2888 cst
539 2858 581 2888 unc
600 2846 727 2903 piripbrusc
746 2846 867 2902 lrbuueuto

86 2904 210 2960 [omilium
228 2905 337 2961 pertinet,
360 2917 411 2959 qun
434 2905 459 2948 in
487 2907 515 2951 de
520 2908 626 2965 populus
645 2910 774 2956 boniensis.
782 2909 881 2964 beluinis
