1904 3216
113 170 160 220 aaa
307 210 314 218 ..
421 171 582 244 quartanas

114 284 261 348 vigesimum
275 291 349 350 alque
369 292 483 354 octavum
501 288 582 338 aetatis
597 303 690 339 annum
706 289 750 355 (5),
766 291 888 344 videorne

113 357 184 475 νοὴὶζ
193 356 220 405 in
227 357 357 406 excolenda
370 356 459 420 gloria,
471 357 513 406 cui
526 371 566 406 me
580 358 623 407 uni
636 358 730 418 devovi,
744 374 817 424 posse
830 376 886 412 ces-

112 440 167 478 sare

55 486 58 491 ’
142 499 263 558 ligavero
278 512 327 548 non
345 498 427 554 deero,
441 504 465 548 et
478 496 627 561 ubicumque
638 501 762 561 pugnabo,
776 499 886 552 inthea-

22 620 25 627 ,
112 574 151 619 tro
168 576 292 618 terrarum
309 568 376 616 orbis
398 580 452 617 esse
471 581 512 616 me
528 567 635 616 credam.
652 569 717 619 Dabo
725 570 884 621 nobilitatem

111 637 265 700 ignobilibus
279 639 348 694 locis;
361 637 469 699 aperiam
482 637 576 686 cunctis
587 637 704 698 gentihus
716 645 805 698 terras,
821 655 884 703 quas

110 715 200 758 natura
210 711 283 772 longe
291 713 460 758 summoverat
473 708 501 756 In
509 707 670 769 hisoperihus
677 710 803 772 exstingui
810 713 882 769 mihi,

111 779 193 829 siiors
204 779 239 828 ita
247 780 319 837 leret,
332 777 463 840 pulchrum
473 784 528 828 est:
542 791 570 827 ea
584 778 661 841 stirpe
670 793 727 829 sum
736 781 845 842 genitus,
854 791 884 832 ut

110 850 215 900 multam
227 849 298 916 prius
311 849 342 914 (4)
355 861 429 910 quam
439 849 537 909 longam
547 848 624 898 vitam
634 848 736 898 debeam
748 859 844 913 optare.

141 920 246 970 Obsecro
257 933 307 974 vos,
317 918 425 980 cogitate
442 931 487 967 nos
495 918 635 980 pervenisse
646 918 674 967 in
684 925 775 978 terras,
789 920 883 984 quibus

109 991 243 1041 femineos
251 990 369 1039 virtutem
379 988 570 1038 celeberrimum
580 1002 670 1038 nomen
678 996 727 1038 est:
737 1004 799 1053 quas
806 991 884 1042 urbes

110 1058 252 1108 Semiramis
267 1057 300 1122 (5)
313 1056 441 1106 condidit?
455 1069 517 1119 quas
530 1062 614 1118 gentes
625 1059 720 1117 redegit
733 1057 760 1122 in
776 1065 883 1122 potesta-

108 1128 176 1180 tcml
185 1134 278 1191 quanta
291 1140 366 1190 opera
377 1126 461 1176 molita
473 1124 530 1175 estl
545 1126 659 1175 Nondum
667 1126 785 1176 seminam
796 1141 884 1191 aequa-

108 1201 189 1251 rimus
206 1199 295 1260 gloria,
318 1206 343 1247 et
359 1197 413 1260 jam
428 1196 570 1251 nos.laudis
587 1197 688 1246 satietas
701 1196 782 1260 cepit'l
792 1198 832 1249 Ilii
846 1201 884 1250 ia-

108 1269 193 1319 veant!
214 1267 311 1330 majora
323 1266 403 1316 adhuc
417 1272 522 1316 restant.
538 1265 584 1314 Sed
598 1264 633 1315 ita
646 1272 729 1315 nostra
739 1273 812 1316 erunt
824 1282 883 1336 quae

107 1340 217 1389 nondum
230 1338 369 1401 attigimus,
384 1336 405 1386 si
419 1336 484 1386 nihil
497 1349 604 1399 parrum
620 1337 773 1396 duxerimus,
790 1337 819 1387 in
831 1353 882 1401 quo

107 1424 204 1473 magnae
227 1409 313 1471 gloriae
331 1410 400 1458 locus
422 1412 467 1456 est.
491 1408 537 1458 Vos
559 1409 632 1457 modo
651 1422 692 1457 me
712 1410 743 1458 ab
762 1409 882 1461 intestina

106 1482 195 1532 fraude
207 1479 429 1531 etdomesticorum
442 1476 541 1526 insidiis
549 1481 664 1539 praestate
673 1491 788 1527 securum
799 1493 806 1526 ι
819 1479 880 1529 belli

106 1549 238 1613 llartisque
259 1548 392 1598 discrimen
411 1546 551 1609 impavidus
575 1546 672 1596 subibo.
698 1547 831 1610 Philippus
852 1550 881 1599 in

106 1621 159 1671 acie
167 1620 245 1670 tutior
256 1632 331 1682 quam
340 1619 368 1666 in
377 1617 474 1667 theatro
481 1616 515 1681 ld)
523 1616 583 1673 luit:
593 1616 703 1666 hostium
713 1630 802 1667 manus
814 1632 881 1682 saepe

105 1691 200 1748 uitauit,
217 1693 321 1739 suorum
334 1689 446 1750 effugere
455 1700 505 1735 non
517 1687 603 1736 ualuit.
614 1687 725 1736 iliorum
734 1701 882 1750 quoquere-

106 1775 167 1824 gum
177 1762 259 1810 exitus
270 1760 292 1809 si
308 1757 492 1822 reputaveritis,
502 1758 611 1819 pluresa
622 1758 674 1807 suis
684 1772 759 1820 quam
769 1758 800 1806 ab
808 1759 881 1811 hoste

105 1831 265 1892 interemptos
282 1828 453 1879 numerabitis,
478 1827 600 1886 Ceterum,
622 1829 740 1890 quoniam
761 1829 822 1878 olim
838 1833 881 1882 rei

106 1903 205 1965 agitate
219 1902 246 1950 in
262 1900 344 1949 animo
360 1912 415 1947 meo
436 1911 504 1947 nuno
522 1899 665 1959 promendae
686 1899 780 1948 occasio
795 1899 880 1951 oblata

106 1979 152 2026 est,
164 1972 226 2020 mihi
238 1971 363 2019 maximus
377 1970 490 2017 laborum
502 1974 577 2030 atque
586 1982 691 2029 operum
704 1983 818 2019 meorum
828 1972 880 2021 erit

104 2042 211 2098 tructus,
234 2041 255 2088 si
279 2039 403 2100 Olympias
419 2046 498 2086 mater
512 2037 691 2086 immortalitati
708 2045 878 2097 consecretur,

105 2112 253 2175 quandoque
262 2108 392 2159 excesserit
401 2108 462 2157 vita.
471 2109 497 2157 Si
505 2107 617 2164 licuerit,
625 2107 678 2170 ipse
685 2109 877 2170 praestabohoc:

104 2183 126 2232 si
141 2195 182 2232 me
190 2179 339 2245 praeceperit
353 2179 442 2241 fatum,
452 2192 495 2228 vos
509 2177 642 2227 mandasse
659 2178 690 2239 ll)
698 2185 859 2230 mementote.

104 2340 147 2390 XX,
162 2347 184 2383 et
198 2340 219 2383 la
232 2347 283 2382 note
299 2339 320 2382 ἓ.
336 2360 364 2369 -
380 2337 401 2381 3.
421 2336 473 2379 Post
500 2341 560 2378 cette
569 2335 660 2392 tpoque,
670 2336 700 2379 lin
709 2335 834 2380 d'uutomno
848 2337 878 2382 do

104 2414 191 2445 aonam
223 2400 291 2455 repat
328 2399 390 2446 mei.
419 2399 473 2454 post
501 2397 587 2440 l'anne'c
607 2397 660 2446 326.
681 2403 754 2440 nauto
774 2409 822 2441 aas.
849 2421 878 2432 —

104 2463 193 2507 xxvln
208 2463 285 2505 aetatis
301 2473 405 2504 annum:
417 2460 473 2503 deux
498 2456 520 2499 4.
530 2457 877 2510 Priua,comrnasouvant,daun

104 2525 209 2582 mepriscs
219 2538 224 2566 :
234 2524 306 2567 c'e'tuit
318 2524 370 2564 bien
384 2523 404 2564 la
419 2534 471 2564 neu·
500 2519 521 2561 le
530 2531 581 2562 sens
591 2519 619 2562 dc
628 2518 715 2574 potius.
727 2541 754 2550 -
767 2520 789 2562 5.
800 2518 878 2563 Semi·

104 2583 356 2635 riemeannea,maisde
366 2582 473 2636 t’arpedi-
499 2580 589 2630 ramis,·
604 2592 651 2635 vop.
668 2579 782 2631 tustini,
798 2582 834 2624 oh.
854 2582 875 2626 2.

104 2647 153 2689 tion
163 2647 244 2694 d'rlsie,
254 2653 276 2690 et
294 2647 313 2687 la
329 2645 431 2687 oatziimc
443 2644 472 2686 du
498 2641 556 2684 -6,
565 2641 594 2686 ln
616 2642 715 2691 theatro,
726 2642 754 2685 οὺ
773 2642 878 2700 Philippa

102 2709 168 2759 regne
181 2708 326 2750 d'llexandre.
345 2707 362 2748 ll
378 2718 473 2761 mauque
499 2704 533 2746 sut
552 2703 660 2746 assassind
680 2716 719 2760 par
740 2703 875 2757 Pausanias:

102 2769 128 2810 da
137 2770 208 2811 meme
221 2770 277 2811 doux
286 2783 325 2811 ans
338 2770 349 2810 i
364 2780 402 2810 sou
415 2769 469 2822 ige:
500 2777 546 2820 vop.
566 2764 646 2817 lustin,
658 2764 691 2816 11,
706 2765 742 2808 cli.
755 2765 771 2809 6
784 2774 808 2811 et
817 2768 839 2810 i.
848 2788 875 2801 -·

99 2828 129 2872 nd
142 2842 170 2873 en
183 2830 223 2875 556
239 2843 272 2873 av.
291 2828 353 2877 tu..
364 2830 379 2870 il
392 2828 472 2871 avaita
501 2828 520 2870 l.
535 2827 663 2878 llandoore,
675 2827 748 2883 suppl.
760 2840 806 2872 mo.
