1904 3216
267 170 303 219 ax
321 167 390 217 uni
408 167 494 218 tiano
508 164 620 217 axani
645 152 649 161 ’
782 165 834 217 an.

55 297 116 335 runt
134 283 229 345 aequori
248 283 300 331 ulla
319 289 389 345 parte
411 287 501 343 posset,
522 294 566 330 vos
584 278 830 343 adjuvitlostremo

56 366 134 417 quum
148 353 244 402 Boeotos
254 353 284 400 ud
299 352 444 400 societatem
453 358 559 400 vestram
573 351 725 407 hortaretur,
741 351 766 399 in
776 351 827 415 ipsa

56 424 171 475 concione
190 424 372 471 intenumntuus
385 420 427 486 (A).
444 422 509 470 haud
525 422 604 470 multo
617 428 671 483 post
687 422 826 484 exspiravit.

56 496 187 558 llujusego
198 492 301 553 uestigia
317 494 452 554 ingressus
463 492 584 541 uoluntati
596 491 697 555 quidem
709 498 734 540 et
746 492 828 542 studio

56 564 205 614 incolendis
227 562 296 612 vobis
313 562 420 623 adjicere
436 561 537 624 (etenim
555 560 757 623 inexsuperabilia
776 561 828 611 baec

56 635 135 696 erant)
152 633 215 682 nihil
236 632 325 695 potui:
342 634 418 680 rebus
432 631 493 695 ipsis
505 631 651 693 meliusque
666 640 691 680 et
709 631 828 694 impensis

55 704 195 754 olliciorum
211 701 245 765 (5)
269 708 297 751 ut
317 715 435 763 superare
454 714 559 764 possem,
579 701 688 759 fortune,
706 708 826 764 tempore,

56 774 191 823 Antiochus
202 778 228 820 et
240 772 334 821 bellum
354 772 381 819 in
398 772 449 820 Asia
461 780 558 834 gestum
575 771 737 833 praebuerunt
749 779 829 822 mate-

55 845 131 894 riam.
148 845 197 892 Rex
212 842 274 891 Asiae
288 846 313 889 et
321 841 400 902 partis
413 842 515 903 Europe
525 841 657 890 Antiochus
668 842 744 893 liliam
755 858 828 896 suam

54 913 278 963 inmatrimonium
292 911 354 960 mihi
368 911 452 968 daban
468 911 616 960 restituebat
629 913 752 975 extemplo
764 915 829 965 cini·

54 991 121 1035 tates
129 999 184 1048 quae
193 984 335 1033 deiecerant
346 995 360 1030 a
373 982 442 1030 nobis
450 997 456 1039 ;
464 995 532 1045 spem
542 996 657 1042 magnam
669 983 827 1045 inposterum

49 1053 300 1118 amplificandiregni
309 1052 423 1108 iaciebat,
434 1052 456 1102 si
466 1066 551 1102 secum
561 1053 677 1102 adversus
688 1067 729 1103 tos
735 1055 828 1104 bellum

55 1127 198 1190 gessissem.
213 1125 265 1174 lion
277 1123 403 1187 gloriabor
414 1136 452 1181 eo,
464 1122 531 1185 quod
543 1122 607 1171 nihil
618 1123 644 1171 in
661 1138 704 1173 uos
713 1124 827 1186 delique·

54 1196 107 1247 rim
117 1210 124 1245 ε
134 1195 176 1245 illa
191 1193 281 1257 potius,
294 1192 529 1254 quae‘vetustissime
539 1192 627 1241 domus
643 1199 735 1242 nostrae
746 1194 828 1243 vobIs·

55 1281 114 1318 cum
126 1266 236 1316 amicitia
242 1265 316 1326 digna
326 1269 393 1321 sunt,
403 1263 520 1313 referam.
529 1263 726 1327 Pedestribuslb)
735 1265 828 1314 nauali-

54 1336 152 1399 busque
158 1334 246 1396 copiis,
254 1340 283 1383 ut
292 1347 364 1381 nemo
375 1338 511 1393 uestrorum
521 1332 647 1382 sociorum
658 1347 698 1382 me
708 1334 774 1397 aequi
783 1347 830 1398 pa·

54 1421 113 1457 rere
120 1413 212 1470 posset,
221 1405 385 1467 imperatores
391 1410 486 1453 vestros
494 1402 578 1466 adjuvi
583 1419 590 1461 ;
602 1410 753 1454 commeatus
759 1410 829 1456 term

55 1476 171 1539 merique
194 1473 362 1538 suppeditavi;
384 1473 513 1523 navalibus
536 1472 720 1536 proeliisque
739 1475 828 1527 multis

55 1547 118 1596 locis
131 1548 270 1600 factasunt.
282 1544 398 1594 omnibus
407 1544 475 1593 adlui
482 1559 489 1601 ;
504 1558 549 1593 nee
557 1545 634 1595 labori
644 1559 699 1594 meo
707 1546 830 1610 necperi·

56 1617 113 1667 culo
120 1629 225 1679 usquam
233 1615 342 1678 peperci.
353 1615 420 1671 Quod
427 1614 597 1664 miserrimum
604 1622 641 1664 est
648 1615 755 1674 inbello‚
762 1616 831 1666 obsi·

55 1687 154 1737 dionem
177 1700 264 1748 passus
283 1699 348 1741 sum,
361 1685 474 1748 Pergami
489 1685 600 1735 inclusus
611 1700 669 1735 cum
682 1687 828 1739 discrimine

56 1757 146 1808 ultimo
157 1757 232 1806 simul
245 1756 301 1804 sitm
315 1756 447 1818 regnique.
456 1755 583 1807 Liberatus
594 1756 683 1806 deinde
689 1757 827 1816 obsidione,

56 1841 135 1891 quum
146 1827 271 1890 aliaparte
284 1826 426 1886 Antiochus,
435 1826 483 1876 alia
496 1827 613 1876 Seleucus
623 1827 656 1890 (l)
669 1827 734 1877 cinca
745 1841 828 1877 arcem

56 1899 129 1962 regni
144 1897 192 1947 mei
199 1904 280 1947 castre
288 1897 418 1956 baberent,
429 1897 522 1947 relictis
533 1898 684 1955 rebuemeis,
692 1907 743 1949 tote
752 1900 830 1949 classe

56 1970 88 2020 ad
108 1968 292 2031 Hellespontum
310 1968 333 2016 l.
350 1967 457 2028 Scipioni
473 1967 568 2017 consuli
581 1974 663 2017 vestro
675 1968 783 2026 occurri,
799 1975 829 2017 ut

56 2054 115 2090 eum
120 2041 147 2088 in
152 2038 298 2101 trajiciendo
305 2037 571 2100 exercituudjuvanem.
579 2039 710 2100 Postquam
716 2039 741 2087 in
747 2039 829 2088 Asiam

57 2159 203 2212 contendere,
213 2159 267 2203 niti.
280 2159 335 2201 -t.
351 2158 428 2202 litter·
456 2158 512 2200 moni
522 2158 634 2202 videretur
648 2174 653 2200 ι
669 2171 720 2202 mm
735 2160 772 2202 cui
787 2158 830 2203 hoe

56 2224 182 2266 mortuae·
198 2226 231 2264 est
247 2222 276 2263 itu
290 2221 390 2271 allectus,
405 2227 430 2262 ut
457 2220 542 2269 accidit,

243 2307 299 2352 vivit.
310 2311 331 2345 et
339 2312 371 2346 est
381 2311 428 2345 vitea
436 2308 514 2346 nescius
524 2318 566 2357 ipso
575 2318 622 2346 sues.
632 2320 642 2343 ν

57 2395 141 2439 maer.
152 2397 183 2439 Au
200 2402 387 2439 commencemeut
400 2395 430 2437 clu
458 2397 596 2450 officiorum,
607 2397 685 2439 c.·i-d.
696 2409 722 2438 eo
733 2408 784 2451 puae
797 2396 831 2441 ad

57 2457 96 2500 liv.
111 2456 199 2508 xxxin,
214 2459 323 2501 Tite-live
340 2466 429 2500 meonto
457 2457 678 2512 officiaproestunda
689 2456 830 2513 impendun-

57 2517 242 2573 qu'Attale,apnes
249 2519 311 2560 avoir
319 2530 431 2560 commen·
458 2523 505 2561 tur.
515 2542 541 2549 -
550 2520 570 2562 6.
583 2517 736 2562 pedestribus.
746 2518 777 2562 On
787 2521 831 2563 snit

58 2581 84 2626 co
93 2593 132 2623 son
142 2581 250 2627 discours,
259 2580 348 2622 «senior
354 2580 400 2633 iani
409 2586 431 2621 ot
458 2593 500 2634 quo
516 2581 635 2636 pedestres
653 2581 733 2637 copie.
750 2581 830 2638 opposl

59 2661 69 2683 ι
87 2645 195 2686 intirmion
204 2654 269 2698 quam
277 2648 301 2683 ut
312 2642 432 2684 contentio-
457 2643 581 2694 inovulea.
597 2643 714 2698 comprend
730 2643 750 2686 le
766 2656 831 2687 cava·

59 2725 66 2741 ·
86 2716 137 2746 uem
154 2703 240 2746 dicendi
254 2704 383 2754 sustineret,
393 2702 432 2744 ob-
459 2702 520 2753 lerie,
530 2702 557 2744 de
567 2703 639 2745 meme
649 2702 714 2758 qu'en
724 2705 828 2758 preteeti

60 2765 167 2807 ·mutuit
176 2770 198 2807 et
207 2763 307 2806 concidit.
326 2764 432 2806 Aulerunt
459 2776 487 2806 ou
506 2766 572 2815 πεζικὴ
593 2765 672 2818 δύναμις
698 2771 731 2808 est
747 2763 828 2820 opposo

59 2839 161 2881 ooegem
190 2832 252 2882 pente
281 2825 430 2868 membrorum
458 2825 504 2867 izo
520 2832 613 2868 ναυτικὸν.
631 2849 658 2858 -
673 2827 693 2870 7.
711 2826 832 2874 &leucae

62 2909 68 2924 .
86 2896 180 2945 ceptum.
201 2905 211 2926 ι
230 2909 257 2919 -
276 2887 296 2929 5.
322 2886 431 2942 impense
459 2884 653 2930 ttlsd'tmmetms.

702 2985 737 3031 ’ib
