1904 3216
136 125 167 172 51
442 126 602 177 ornatores

136 254 211 288 unam
228 253 327 290 manere
343 247 411 290 extra
428 243 515 291 urbem
528 245 596 292 nefas
608 251 654 292 est.
673 245 720 292 llos
737 243 847 294 Veientes
859 259 906 308 pio

138 311 253 359 Romanis
276 312 365 360 lecturi
387 313 445 360 estis
461 314 616 363 sacerdotes?
640 316 669 363 Et
689 315 794 362 Vestales
817 323 866 364 tuae
882 323 906 365 le

137 382 258 433 deserent.
273 383 359 431 Vesta?
380 392 405 430 et
419 383 507 431 ssuinen
519 398 623 446 peregre
640 384 771 433 habitando
782 385 807 432 in
822 387 907 447 singu-

137 452 173 500 las
184 459 267 501 noctes
277 460 373 502 tantum
385 454 432 503 sibi
445 454 533 516 reique
541 455 646 517 publicae
654 455 746 516 piaculi
760 454 907 505 contrahet?

137 521 217 576 Quid?
233 523 291 579 ulie,
304 537 360 586 quae
370 524 497 585 auspicato
508 525 606 586 agimus
622 525 704 574 omnin
721 529 773 574 fere
785 527 850 574 intre
865 539 907 589 po-

136 593 253 642 moerium
264 594 325 657 (ll),
338 595 378 644 cui
391 595 519 650 oblivioni,
535 603 576 645 aut
585 596 792 658 cuinegligentiae
803 597 907 647 damus‘l

137 662 239 713 Comitia
250 664 355 717 curiata.
369 679 424 728 quae
435 681 488 714 rem
498 667 634 716 militarem
649 667 776 717 continent
785 667 849 731 (13);
866 681 908 718 oo·

136 734 208 782 mitia
223 735 370 790 centuriata,
383 737 472 799 quibus
484 739 597 787 consules
609 737 771 800 tribunosque
786 738 908 788 militares

136 805 234 861 creatis,
252 806 296 854 ubi
314 807 449 868 auspicato,
462 807 511 856 nisi
527 808 571 856 ubi
586 810 701 864 assolent,
719 807 774 856 fieri
786 810 907 870 possunt!

136 874 235 924 Veiosne
243 877 296 925 haec
306 878 499 926 transteremus?
511 892 541 926 an
549 878 708 927 comitiorum
718 893 789 928 causa
801 881 909 942 populus

136 951 204 995 tanto
220 947 374 995 incommodo
389 948 415 995 in
429 950 551 997 desertam
568 949 632 998 hanc
643 949 674 997 ab
687 949 736 998 diis
752 949 909 1000 hominibus·

136 1029 185 1078 que
200 1017 290 1067 urbem
298 1017 442 1068 conveniet?

161 1120 197 1163 lll.
217 1124 244 1164 ln
263 1121 369 1165 necessitb
384 1123 412 1165 de
428 1123 603 1178 renutirettraye
621 1124 642 1166 le
660 1123 747 1178 peuple,
757 1123 841 1175 dit-om
851 1123 908 1166 mels

135 1182 208 1235 quand
219 1181 234 1223 il
250 1183 318 1225 serait
331 1183 436 1226 meilleur
452 1184 613 1227 d'abnmlotmer
629 1183 704 1234 Rome,
721 1197 749 1226 ne
763 1183 860 1228 serait-il
869 1197 908 1240 pas

135 1245 231 1287 honteux
241 1245 268 1288 de
278 1246 299 1287 le
310 1246 449 1301 lairetllpres
459 1247 478 1289 13
489 1260 560 1289 venue
569 1247 608 1290 des
615 1247 711 1298 Gaulois,
722 1260 749 1290 ne
759 1248 862 1290 seruit-ce
869 1243 916 1303 pas

135 1318 178 1348 une
194 1307 262 1348 luite?
272 1306 386 1349 ll'ailleurs
401 1307 433 1350 les
451 1307 553 1349 Romains
563 1319 591 1350 ne
607 1314 656 1350 sont
670 1319 713 1362 que
728 1307 782 1349 dens
802 1307 907 1360 Rome3d

134 1367 197 1410 Vdies
207 1369 235 1410 ils
252 1374 326 1410 seront
333 1368 411 1411 Veiens
420 1381 426 1410 ι
436 1368 509 1423 quund
519 1369 535 1410 il
546 1368 642 1410 faudrait
659 1369 746 1411 habiter
754 1369 793 1412 des
803 1369 906 1421 cnbnnes,

135 1440 219 1471 comme
229 1429 284 1472 celle
294 1430 321 1472 de
336 1429 448 1480 Romulus,
466 1434 512 1470 tout
523 1429 652 1472 commende
662 1430 689 1472 de
699 1435 770 1473 nester
779 1430 834 1474 dans
849 1437 907 1476 cette

134 1491 194 1542 ville,
205 1491 233 1533 oia
244 1491 276 1534 les
290 1491 382 1546 temples
393 1492 432 1534 des
441 1489 507 1533 dienx
522 1497 570 1532 sont
579 1502 658 1533 encore
667 1490 756 1534 debout.

164 1606 188 1654 ὅ.
200 1621 213 1652 e
227 1605 319 1654 Sedres
329 1605 381 1666 ipsa
388 1604 462 1667 cogit,
471 1611 563 1653 vastam
576 1603 626 1667 (tt)
639 1603 761 1653 incendiis
773 1604 907 1669 ruinisque

133 1677 279 1738 relinquere
302 1676 399 1728 urbem,
414 1682 440 1723 et
456 1676 485 1723 nil
500 1675 596 1737 integre
608 1676 691 1724 omnia
702 1675 772 1724 Veios
783 1676 905 1738 migrare,

134 1748 229 1797 nechic
238 1745 381 1794 aedisscando
393 1745 491 1808 inopem
503 1747 600 1807 plebem
610 1760 728 1794 vexere.»
746 1747 811 1795 llauc
822 1756 907 1799 autem

132 1817 219 1883 jactari
234 1816 313 1877 magis
325 1829 433 1865 causam.
447 1829 617 1878 quamverum
630 1830 693 1873 esse,
708 1824 734 1864 ut
742 1829 788 1878 ego
803 1830 853 1867 non
869 1820 907 1868 di-

133 1903 195 1948 cam,
213 1900 332 1948 apparere
348 1887 426 1942 robis,
445 1885 561 1943 Quirites,
578 1892 654 1948 puto;
677 1886 721 1947 qui
745 1888 904 1948 meministis,

133 1967 191 2009 ante
208 1957 333 2008 Gallorum
350 1957 490 2013 adrentum,
504 1956 579 2004 salvis
592 1956 664 2005 tectis
675 1956 780 2018 publicis
794 1958 907 2019 privetis-

132 2046 191 2093 que,
211 2037 292 2079 stante
314 2028 433 2076 incolumi
460 2028 530 2084 urbe,
548 2029 614 2077 hanc
631 2028 736 2076 eandem
752 2041 806 2077 rem
824 2038 906 2080 actam

132 2116 194 2157 esse,
208 2107 235 2148 ut
248 2099 315 2148 Veios
332 2097 575 2158 transmigraremus.
591 2096 618 2144 Et
632 2097 721 2152 videte,
733 2105 856 2160 quantum
868 2101 907 2148 in·

133 2178 172 2219 ter
187 2183 266 2218 meam
278 2167 423 2217 sententiam
436 2175 593 2226 vestramque
605 2165 714 2223 intersit,
727 2167 838 2216 Tribuni.
850 2168 903 2229 Vos,

133 2240 229 2290 etiamsi
248 2248 306 2288 tunc
322 2237 460 2286 laciendum
475 2250 524 2284 non
535 2235 621 2293 luerit,
639 2250 705 2284 nune
718 2236 907 2297 utiquelecien·

133 2313 193 2360 dum
204 2309 311 2370 putatis:
323 2322 369 2369 ego
380 2315 466 2356 contra
477 2307 532 2368 (nec
541 2306 566 2354 id
576 2305 724 2355 miretisitis
732 2307 904 2371 priusquam,

135 2431 286 2487 loquebatur,
300 2432 323 2472 el
341 2442 369 2472 ez
381 2442 407 2472 eo
424 2441 506 2471 nomen
533 2440 577 2478 ces,
587 2427 715 2483 perduries,
728 2433 906 2479 avaientseulsle

134 2493 231 2536 inuenit.
250 2514 277 2522 —
301 2493 334 2534 lb.
362 2491 505 2541 Pomoerium,
533 2491 626 2534 droitde
641 2491 750 2535 donnerd
765 2506 795 2536 un
810 2495 905 2540 chelles

134 2557 243 2610 espeoede
252 2554 372 2597 boulevard
382 2554 434 2596 dela
446 2553 504 2596 ville,
533 2552 653 2608 auspicia,
665 2555 758 2608 pouvoir
766 2566 817 2598 sans
832 2556 905 2612 lequel

135 2618 173 2672 qui
189 2616 240 2658 erait
263 2614 365 2657 consuere
383 2627 423 2656 aux
440 2614 506 2656 dieux
533 2626 605 2656 aucun
629 2616 818 2660 commendement
840 2619 906 2674 supe·

135 2683 282 2732 protecteurs,
302 2681 324 2718 et
341 2676 406 2717 d'une
424 2675 505 2728 grande
533 2687 595 2716 rteur
612 2675 687 2718 n'dtait
704 2674 807 2730 possible.
826 2702 853 2710 -
871 2681 904 2723 ll.

135 2740 268 2793 importunos
284 2736 337 2779 dans
353 2736 373 2778 le
389 2735 470 2779 Rituel.
480 2760 506 2768 —
538 2737 630 2779 Vestam
645 2749 702 2791 pour
717 2741 842 2783 vatatam.
861 2741 906 2785 (16-

135 2801 168 2843 15.
187 2798 284 2842 Comitia
310 2801 431 2839 curtata...
457 2809 507 2840 rem
535 2799 574 2840 tait
591 2797 611 2840 13
634 2798 754 2854 principale
772 2801 846 2844 raison
862 2813 905 2859 que

134 2859 508 2904 militaremcontirienl.bescomi-
535 2860 795 2905 donnaienllestribuns.
