1904 3216
121 211 171 264 50⁰
423 215 585 268 oattlobds

120 345 189 383 scere
204 346 230 383 se
237 333 441 397 indignabantur,
452 334 573 397 impeturn
580 333 700 384 iecerunt.
711 333 888 386 lacedaemonii

119 403 408 466 igiturLaoedaemonios,
417 419 465 453 non
472 404 563 461 Achaei,
572 404 889 467 interfeceruntznec,jure

119 490 151 525 an
163 476 257 539 injuria
271 477 328 527 oaesi
344 478 403 537 sint,
415 476 586 538 argumentari
594 476 679 525 refert.

150 548 180 596 lt
194 547 260 596 enim
269 546 311 597 illa
320 554 388 597 certe
394 553 476 596 vestra
486 546 651 605 suntrlcbaei,
660 547 727 609 quod
741 546 889 610 legcsdisci-

115 617 260 680 plicamque
267 617 460 667 vetustissimam
467 616 572 679 lycurgi
578 616 722 672 sustulistis.
728 618 795 680 quod
801 631 888 668 muros

115 687 240 736 diruistis.
251 714 283 724 -
297 688 355 744 Quae
368 693 476 748 utraque
485 687 516 736 ab
526 687 613 736 iisdem
622 687 697 749 objici
711 687 754 750 qul
765 687 888 750 possuntt

117 771 195 820 quum
211 757 278 806 muri
293 757 485 807 Lacedaemoniis
499 772 548 808 nou
559 759 590 806 ab
604 759 722 820 Lycurgo,
736 760 780 808 sed
793 773 887 823 paucos

118 835 256 878 anteannos
263 829 293 877 ad
303 829 484 879 dissolvendam
492 827 594 890 Lycurgi
601 828 759 890 disciplinam
765 831 886 881 exstructi

117 898 176 949 sint.
182 899 286 960 Tyranni
291 899 356 948 enim
365 912 447 960 nuper
451 912 502 955 eos,
511 912 593 948 arcem
600 903 624 947 et
631 899 815 949 munimentum
825 901 882 959 sibi,

116 982 167 1020 uon
179 968 282 1028 civitati,
296 975 445 1031 paraverunt
458 983 464 1016 :
478 974 510 1026 et,
524 968 546 1018 si
556 969 658 1017 exsistat
669 968 742 1017 bodie
755 969 785 1017 ab
796 969 886 1022 inieris

116 1041 252 1102 Lycurgus,
262 1039 456 1103 gaudeatruinis
467 1052 557 1089 eorum
563 1037 635 1102 (6),et
640 1053 707 1089 nunc
714 1053 741 1088 se
747 1040 853 1103 patriam
861 1047 886 1091 et

115 1116 228 1173 spartam
242 1111 370 1174 antiquam
383 1122 516 1171 agnoscere
525 1108 598 1158 dicat.
613 1110 665 1159 llon
677 1110 886 1172 Philopoemenem

115 1188 256 1243 exspectare
267 1195 312 1230 nec
325 1181 432 1237 achaeos,
447 1180 491 1229 sed
502 1192 544 1227 ros
557 1178 616 1241 ipsi,
629 1179 816 1239 lacedemonii,
829 1195 886 1232 ves·

115 1251 163 1301 tris
172 1252 286 1302 manibus
294 1251 394 1301 amoliri
401 1258 426 1299 et
432 1250 532 1299 diruere
539 1249 621 1299 omnia
630 1251 767 1311 tyrannidis
779 1253 885 1314 vestigia

29 1318 33 1325 '
115 1323 244 1374 debuistis.
261 1323 353 1373 Vestrae
371 1322 439 1372 enim
455 1322 504 1370 illae
523 1321 648 1371 deformes
665 1322 742 1371 veluti
754 1323 884 1376 cicatrices

115 1395 242 1443 servitutis
255 1401 345 1444 eraut:
362 1401 394 1452 et,
411 1406 490 1455 quum
502 1393 557 1441 sine
571 1391 651 1441 muris
669 1406 714 1454 per
726 1394 884 1454 octingentos

114 1477 192 1525 prope
208 1471 285 1514 annos
300 1463 385 1522 liberi,
402 1462 536 1527 aliquando
548 1461 623 1511 etiam
640 1462 766 1524 principes
784 1461 885 1515 Graeciae

114 1535 232 1590 fuissetis,
252 1534 342 1592 muris,
359 1535 430 1584 uelut
446 1533 617 1596 compedibus,
631 1533 789 1583 circumdatis
806 1534 884 1585 vincti

114 1617 159 1666 per
170 1609 271 1653 centurn
284 1618 360 1654 annos
374 1603 497 1653 servistis.

146 1673 214 1728 Quod
222 1674 252 1722 ad
265 1676 331 1738 leges
347 1675 474 1736 ademptas
482 1673 579 1735 attinet,
591 1687 637 1735 ego
646 1673 762 1736 antiquas
773 1673 884 1727 lacede-

113 1743 206 1793 moniis
222 1744 290 1805 leges
305 1751 422 1807 tyrannos
434 1743 554 1793 ademisse
572 1742 695 1799 arbitron
707 1756 752 1791 nos
762 1757 811 1792 nou
825 1760 883 1796 snas

114 1813 246 1873 ademisse,
254 1829 315 1879 quas
328 1815 518 1870 nonhabebant,
528 1813 571 1863 sed
579 1819 676 1862 nostras
689 1814 757 1875 leges
768 1814 881 1874 dedisset

113 1898 159 1935 nec
172 1885 238 1934 male
252 1885 405 1936 cousuluisse
413 1884 517 1941 civitati,
532 1896 611 1946 quum
624 1882 724 1932 concilii
739 1885 817 1935 nostri
827 1900 884 1937 eam

112 2038 140 2050 ..
151 2014 173 2059 6.
184 2014 302 2071 Lycurptce
315 2015 417 2071 pandect
433 2015 486 2060 rui·
512 2013 642 2058 includunt.
654 2013 733 2070 liepuls
742 2028 771 2058 on
781 2017 843 2061 eleva
855 2020 882 2064 dc

113 2077 290 2121 diametrorum.
302 2075 414 2133 Lycurgue
431 2087 486 2118 rou·
512 2077 883 2134 nouvellesmuruillespourscdd·

114 2141 211 2193 luitque
232 2137 306 2193 Sparte
325 2138 357 2180 tut
377 2138 485 2181 delendus
512 2146 588 2188 lendre
603 2153 678 2189 contre
695 2146 818 2191 Demetrius
837 2149 883 2193 d'a—

113 2213 153 2255 pal·
161 2199 183 2242 10
192 2211 287 2254 courage
298 2199 325 2242 tle
334 2200 431 2255 eitoyeus
441 2199 486 2242 018·
512 2207 573 2260 bord,
584 2209 670 2252 ensuite
686 2215 761 2252 contre
778 2210 882 2266 Pyrrhus,

113 2262 151 2304 res
160 2261 391 2306 contormtmcntbses
404 2262 452 2309 lois.
462 2268 484 2305 et
512 2270 567 2312 mais
574 2270 671 2313 conatui
678 2283 721 2326 quc
729 2284 781 2315 sous
790 2274 811 2316 lo
820 2279 882 2331 tyran

113 2322 484 2379 nonpardesmurailleslesspar·
511 2331 575 2375 Nabis
586 2333 637 2387 (l'an
650 2331 690 2378 tm
705 2346 739 2376 ar.
756 2333 819 2390 J.-C.l
839 2350 882 2393 que

113 2386 362 2429 tiatescommeucdreut
371 2386 382 2427 d
391 2385 484 2429 lortifier
511 2393 544 2437 les
559 2393 710 2438 iustificatione
726 2396 753 2440 de
768 2397 845 2452 Sparte
858 2411 882 2444 sn

113 2448 163 2492 leur
177 2450 229 2492 ville
241 2450 286 2493 lors
296 2451 323 2493 de
333 2450 448 2494 l'iuvasion
457 2450 484 2494 dc
510 2457 637 2501 trouvbrent
653 2457 766 2503 aebordes.
782 2460 822 2504 Ces
838 2463 883 2506 etr

114 2511 241 2563 Cassandre,
251 2512 484 2567 lilsd'rlntipatcrll’an
511 2526 637 2563 constauees
654 2520 780 2576 expliqucut
796 2523 882 2578 picino·

112 2572 157 2617 510
172 2587 206 2616 av.
226 2574 294 2630 J.-G.).
321 2575 376 2618 Tum
404 2576 483 2620 territi
511 2587 571 2624 ment
586 2580 617 2623 les
633 2581 719 2636 parolcs
732 2582 759 2625 dc
773 2583 880 2640 Lycortas,

114 2633 230 2690 Spartani
239 2635 280 2690 (dit
287 2636 358 2681 Justiu
365 2635 414 2687 xlv,
421 2638 455 2681 ch.
462 2640 482 2695 5)
511 2644 549 2698 qui
558 2649 607 2686 scut
616 2643 722 2688 indecisae
737 2651 760 2688 ct
773 2647 883 2703 semblent

114 2697 202 2748 urbem,
215 2709 286 2752 quam
297 2699 371 2742 armis
386 2713 482 2758 semper,
510 2703 696 2749 contradictoires.
723 2706 751 2750 lci
775 2707 791 2750 il
820 2710 853 2752 dit
874 2725 879 2754 :

113 2759 244 2802 nonmuris
258 2758 420 2815 defenderant,
431 2776 484 2807 con-
512 2766 573 2809 llari
590 2780 663 2811 rincos
682 2770 738 2812 anie
755 2782 828 2816 annos
843 2787 881 2817 ec-

115 2823 152 2863 tro
162 2825 384 2879 responscsciorum
393 2829 415 2868 et
424 2830 485 2869 uete—
509 2828 601 2880 structi,
616 2838 638 2873 et
653 2830 750 2886 tyranni
765 2847 829 2879 nurus
843 2851 880 2883 eos

104 2893 157 2951 rem
170 2885 294 2953 majurum
310 2887 421 2943 pluriam,
445 2901 484 2932 cr·
510 2895 880 2950 paraverunt,etplusbasmuru'e

92 2943 484 3013 masdtffistmurorumproeaidio
513 2953 667 3001 circumdatis
677 2957 752 3002 cincti
770 2972 812 3015 per
833 2975 884 3006 etit-
