1904 3216
86 157 116 202 30
392 150 555 200 oltllllffll'ljs

86 270 129 327 rit,
138 270 217 318 nihilo
229 267 448 318 sehonoratiorem
461 266 514 315 lore
523 266 554 327 (il
569 267 807 328 nequesperandum
817 281 856 316 ne-

85 354 135 401 que
145 339 321 402 postulandum
331 352 394 387 esse.
405 339 502 399 llagnos
513 338 608 385 animos
617 337 715 397 magnis
724 337 856 387 honoribus

85 411 140 458 lieri
149 427 155 469 3
164 409 287 458 neminem
294 424 321 458 se
329 409 452 472 plebeium
462 414 672 468 contempturum,
679 407 722 455 ubi
731 409 855 457 contemni

86 486 216 535 desissent.
234 484 409 547 Experiendam
424 498 476 532 rem
493 482 600 543 denique
619 482 646 530 in
659 496 709 531 uuo
723 489 767 532 aut
778 485 856 534 altero

86 571 149 616 esse,
162 557 227 605 sitne
238 555 330 617 aliquis
343 555 456 617 plebeius
464 555 568 603 serendo
574 566 663 613 magno
674 554 764 603 honori
770 555 816 619 (5);
825 569 857 606 an

86 635 200 693 portento
210 627 294 677 simile
307 628 479 689 miraculoque
490 627 532 682 sit,
544 627 634 674 sortem
649 641 678 676 ac
686 629 858 679 strenuumvi·

85 712 143 751 rum
159 697 267 759 aliquem
289 697 393 745 existere
406 701 489 744 ortum
508 710 537 744 er
559 694 637 756 plebe.
656 698 755 745 Summe
772 696 799 746 vi
818 712 857 748 ex·

85 775 222 834 pugnatum
241 783 303 825 esse,
318 773 345 816 ut
357 767 453 817 tribuni
470 766 580 816 militum
598 765 725 816 consulari
736 773 856 831 potestate

86 840 151 903 et(l)
160 855 189 889 ex
201 841 274 902 plebe
284 846 437 890 crearentur.
453 838 545 887 Petlsse
553 837 618 887 viros
632 837 698 886 domi
706 837 856 902 militioeque

87 918 209 974 spectatos
220 926 227 969 ;
237 910 326 973 primis
334 910 406 960 annis
417 907 558 968 sugillatus,
569 910 691 972 repulsos,
701 908 766 960 rIsui
777 909 857 961 Patri·

87 983 134 1032 bus
155 982 244 1037 suisse;
264 983 356 1033 desisse
371 987 496 1044 postremo
508 980 619 1041 praebere
633 979 665 1028 ad
678 980 855 1031 contumeliam

87 1070 123 1104 os.
139 1056 188 1105 Nec
198 1069 224 1104 se
232 1055 316 1103 ridere
328 1068 373 1103 cur
387 1065 437 1101 non
451 1051 491 1099 lex
502 1064 600 1113 quoque
616 1050 759 1112 abrogetur.
771 1066 820 1116 qua
830 1051 855 1103 id

87 1126 159 1175 liceat
168 1126 233 1189 quod
240 1139 367 1186 nunquam
375 1125 487 1172 luturum
496 1123 528 1170 sit
533 1137 540 1178 ;
552 1122 673 1170 minorem
681 1121 775 1183 quippe
783 1123 857 1173 ruho

88 1209 142 1245 rem
160 1197 213 1245 lore
227 1194 252 1244 in
266 1195 332 1257 juris
340 1192 481 1255 iniquitate,
492 1205 567 1253 quam
581 1191 603 1239 si
619 1203 665 1254 per
679 1190 855 1253 indignitatem

86 1266 197 1329 ipsorum
206 1269 392 1328 praetereantur.

427 1402 516 1452 xxxiv

102 1520 167 1592 ¹Gap.
175 1527 215 1578 lt).
230 1525 307 1578 Verba
318 1528 344 1577 G.
353 1526 418 1577 Julii
424 1525 522 1575 tribuni
527 1525 609 1590 plebio
620 1526 657 1575 cd
670 1528 829 1592 Ternpcmren

260 1598 375 1662 equitem.
384 1596 440 1659 (535
452 1597 491 1654 Pu,
504 1596 552 1644 tle
562 1610 600 1644 av.
614 1595 685 1658 lt.)

112 1702 188 1740 l'rlbunl
209 1700 272 1748 plebis
286 1702 311 1739 ll.
320 1699 415 1738 Postumio
431 1704 452 1738 et
467 1700 486 1736 Τ.
497 1697 585 1743 Quinctio
594 1698 647 1737 diem
663 1700 759 1741 dixerant.
769 1706 824 1751 quod
832 1703 856 1743 ad

87 1748 143 1785 veios
153 1755 220 1783 eorum
230 1756 290 1793 opera
300 1746 350 1782 nrale
358 1749 465 1791 pugnatum
475 1749 523 1782 esset
530 1769 534 1779 .
541 1745 583 1780 lam
593 1753 642 1781 nova
652 1743 802 1795 dessemprouio
811 1758 858 1797 pee-

91 1791 129 1829 late
137 1791 187 1828 lama
197 1800 268 1838 pugne
285 1790 370 1828 adversa
379 1793 527 1836 castrorumque
535 1788 665 1839 desertorum.
676 1799 696 1826 tn
708 1791 803 1830 concione
811 1803 858 1840 peo-

88 1837 149 1876 dliam
158 1845 201 1873 esse
211 1833 359 1882 rempublicam.
370 1833 466 1885 proditum
475 1836 585 1883 exercitum
594 1832 739 1883 vociferantum
749 1845 798 1874 con.

87 1891 143 1926 unus,
153 1881 174 1918 G.
183 1879 253 1923 Julius.
262 1878 385 1926 Tempanium
392 1883 478 1925 equitem
486 1887 552 1915 vocari
559 1877 636 1922 jussum
644 1881 673 1914 tta
682 1878 791 1927 alloquitur
799 1895 805 1920 a

115 1977 194 2021 'l'outes
203 1978 236 2020 les
245 1977 315 2018 lantes
325 1975 354 2018 du
363 1975 438 2017 consul
448 1980 497 2017 sont
504 1974 633 2018 daumerees
641 1974 669 2018 de
676 1976 858 2023 manttmttouu

88 2041 123 2083 nir
133 2041 144 2082 l
154 2039 286 2093 Tempanius
296 2037 409 2080 l'occcslou
419 2037 446 2079 de
456 2049 480 2079 se
489 2035 544 2080 loire
553 2037 623 2079 valoir
631 2049 673 2079 aux
685 2037 767 2093 depeus
776 2038 805 2084 de
818 2052 857 2084 eon

89 2101 188 2154 senerah
199 2101 220 2143 le
235 2101 334 2143 discours
343 2111 366 2142 se
375 2098 467 2141 termine
477 2111 518 2153 per
526 2111 556 2141 un
566 2098 670 2142 dilemme
679 2106 810 2146 aecusateur
818 2096 858 2161 qul

88 2165 144 2207 dicte
154 2164 174 2206 la
184 2162 284 2218 repense.

117 2268 187 2314 Sexte
196 2263 322 2325 Tempani.
334 2274 420 2323 quaero
435 2262 465 2311 de
480 2269 513 2318 te,
523 2261 687 2312 arbitrerisne
693 2262 779 2313 Caium
791 2264 859 2315 Sem-

87 2336 205 2399 pronium
218 2334 344 2383 consulem
358 2338 403 2382 eut
416 2332 443 2380 in
458 2341 570 2393 tempore
587 2346 698 2395 pugnam
708 2333 794 2395 inisse,
814 2342 859 2386 aut

88 2459 168 2502 rlroisis
184 2458 253 2514 parmi
269 2458 302 2500 les
317 2455 422 2511 plebieus.
432 2477 459 2485 —
486 2454 559 2497 rende
566 2453 657 2505 honori,
667 2453 736 2498 estdit
744 2468 803 2510 pour
808 2458 860 2515 ple·

87 2523 107 2565 Ξ.
119 2521 177 2564 Fure
195 2520 278 2575 depond
295 2520 321 2562 cle
335 2530 381 2574 pro
396 2519 458 2560 certo
485 2515 770 2571 beiuenelronoremsme
782 2521 857 2575 poenit

88 2583 184 2632 habeat,
201 2589 223 2624 ot
236 2583 256 2625 le
273 2585 459 2625 commencemeut
485 2588 514 2618 ou
523 2577 608 2620 valcat.
618 2577 656 2620 Cet
664 2590 732 2630 usage
738 2578 769 2622 du
778 2580 858 2635 gdmn·

88 2646 114 2688 dc
125 2645 145 2687 la
160 2644 238 2698 plrraso
248 2646 274 2686 ul
283 2643 409 2699 quidem...,
420 2640 458 2683 des
485 2639 519 2681 dis
526 2651 555 2682 ou
564 2641 668 2696 participe
682 2640 722 2683 lut
737 2643 813 2696 passis,
829 2656 857 2689 nu

88 2708 187 2749 derniera
204 2712 259 2748 mols
275 2717 347 2760 neque
360 2715 458 2759 sperae·
485 2701 546 2753 datil,
556 2701 789 2757 repondllaloeulion
798 2706 858 2750 inu·

88 2769 143 2809 dum
153 2766 394 2822 nequepoalulumlum
403 2776 456 2807 ease.
485 2764 542 2816 prise
553 2775 558 2806 ε
569 2763 589 2805 il
597 2766 632 2806 cel
646 2763 734 2807 homme
751 2766 793 2810 d...
808 2766 858 2812 sot·

88 2829 106 2872 ll
117 2831 169 2886 u'pa
189 2842 226 2884 pas
244 2829 264 2870 d'
275 2846 285 2867 ι
295 2827 436 2871 exclamation
446 2844 456 2865 ι
485 2823 620 2876 vendecare,
632 2826 678 2868 dlre
687 2824 792 2871 eolvnhle.
802 2829 854 2875 -d,

89 2891 124 2931 iri.
146 2914 171 2920 -
188 2890 208 2932 3.
227 2889 293 2933 Sitne
308 2888 412 2945 plebeius
425 2889 458 2941 sc·
486 2887 521 2938 rt.
533 2888 561 2930 ici
571 2899 626 2942 pour
634 2886 714 2931 ellam.
