1904 3216
88 230 120 279 84
389 225 548 281 oulrlouus

310 456 366 504 EX
384 457 521 506 ΜΒΝ)
541 457 629 506 vlu

435 639 506 691 llll}

89 759 145 824 Cap.
167 759 191 810 4.
207 762 293 814 oratio
310 763 387 814 Annii
403 765 491 822 Setini,
507 765 626 828 praetoris
645 765 795 821 Latinorum,
818 781 839 812 oa

17 850 20 855 ·
278 848 344 884 auos.
359 833 415 898 (415
430 836 469 895 Pa,
484 835 529 884 357
543 849 581 885 av.
593 834 667 897 lec.)

110 963 213 1007 samnitem
228 966 317 1005 cladibus
333 967 387 1012 lessi,
403 977 471 1014 pacem
488 966 599 1006 auomanis
617 968 715 1015 petierant
734 967 839 1013 impetrare

89 1012 186 1061 raqlquqt
196 1010 254 1048 simut
264 1011 310 1048 belli
317 1011 350 1058 ius
360 1013 454 1050 adversus
462 1012 563 1050 Sidicinos.
579 1011 602 1047 ui
612 1013 636 1049 ad
646 1012 723 1049 latinos
731 1011 837 1061 coniugium

90 1053 227 1105 adqunclrsqua
235 1055 295 1092 etiam
303 1055 412 1104 Campanis,
421 1057 470 1094 tinas
479 1057 593 1094 Samnitium
604 1057 729 1104 populantur.
739 1058 790 1098 Quas
801 1055 839 1102 iinu

90 1106 132 1135 rias
140 1107 201 1144 quum
210 1100 261 1146 apud
270 1103 357 1138 wantum
375 1103 479 1138 itomanam
496 1100 592 1138 samnites
602 1110 637 1148 per
654 1102 731 1146 legatos
746 1108 839 1147 conquam

89 1145 164 1186 rentur.
174 1150 245 1190 auceps
258 1152 372 1193 responsum
388 1146 455 1182 dnlnm
469 1148 506 1186 cst.
522 1155 568 1192 qma
584 1144 641 1182 fateri
651 1143 729 1192 pigebat
746 1143 839 1180 Latinosi

90 1187 186 1233 potestate
221 1186 263 1234 pult
273 1187 352 1225 Romani
368 1197 404 1226 nan
414 1198 464 1226 esse.
473 1191 498 1226 at
506 1190 567 1226 latini
577 1188 649 1227 bellum
656 1188 695 1237 jam
713 1187 809 1225 adversus
817 1187 839 1223 Rt

90 1238 155 1266 manos
165 1229 277 1268 moiuntur.
293 1232 346 1277 Quod
363 1241 423 1280 quum
441 1232 552 1271 rescivisset
567 1238 652 1274 stultius.
671 1232 738 1268 decem
758 1231 839 1281 principa

90 1273 168 1311 lloruam
185 1276 262 1326 evocari
278 1277 356 1322 placuit.
374 1278 469 1314 Praeterea
485 1278 604 1319 latinorum.
620 1276 701 1314 concilio
718 1276 773 1323 priua
788 1275 839 1313 lualnt

90 1326 149 1364 quam
157 1320 339 1368 prosternerentur,
349 1324 440 1359 evocatos
449 1331 469 1358 sa
485 1321 510 1358 ab
520 1324 590 1358 senatu
600 1321 670 1359 docent
681 1321 773 1362 Romam.
783 1323 802 1356 et
811 1328 839 1364 qu

91 1365 156 1399 netum
166 1370 191 1414 rrr
202 1373 268 1414 aecum
277 1369 366 1407 crodunt.
376 1365 468 1414 quidnam
474 1365 499 1402 ad
509 1375 532 1402 ea
542 1366 657 1412 responderi
668 1365 752 1412 placeat,
759 1363 839 1400 reterun

91 1406 152 1452 Quum
161 1405 214 1446 aliud
224 1408 257 1445 alu
266 1412 375 1453 coluerant.
390 1413 433 1447 tum
442 1410 514 1446 maius
522 1413 597 1457 prator
606 1419 612 1442 ι

118 1519 135 1562 ll
145 1526 178 1563 est
186 1527 256 1576 temps
266 1521 348 1577 d'agir:
358 1534 408 1565 sous
417 1522 493 1565 umbre
502 1521 616 1566 d'allianoa
624 1519 746 1564 laudm-til
754 1519 839 1575 toujour

93 1580 154 1625 cheir
166 1594 208 1625 aux
219 1582 337 1626 Romulus?
347 1582 448 1638 L'egulitd
460 1583 506 1626 doit
518 1583 567 1626 aare
579 1581 685 1638 complete
701 1586 763 1624 outre
775 1592 817 1624 aux
834 1595 839 1621 t

92 1642 124 1685 les
135 1641 220 1694 Latium
230 1643 315 1698 chaque
324 1644 403 1700 peuplc
415 1656 467 1687 aura
482 1656 522 1687 son
535 1643 611 1687 consul
618 1651 640 1686 at
653 1656 676 1686 sa
691 1649 739 1698 port
748 1643 778 1685 du
784 1642 839 1684 sena

92 1702 165 1746 illuct
179 1705 243 1748 saisir
255 1705 375 1749 l'occasion.
394 1704 438 1749 Una
453 1706 513 1749 loule
527 1705 659 1760 d'exemples
674 1706 701 1747 de
713 1704 839 1759 longanimit

92 1773 200 1819 prouront
214 1779 258 1823 quo
269 1767 336 1810 Rome
351 1775 384 1812 est
397 1768 459 1824 preto
469 1768 482 1811 l
494 1767 657 1810 toutaccorder.
673 1768 742 1817 Quart
751 1767 763 1808 i
773 1766 839 1822 parler

92 1826 176 1870 lunius
187 1827 233 1871 s'en
244 1828 330 1883 charge.

123 1943 269 2008 Quanquam
276 1944 329 2007 ipso
340 1958 386 2007 ego
397 1945 471 1995 retuli
479 1946 541 2009 quid
546 1944 693 2008 responderi
698 1945 839 2007 placerel‚tr

92 2027 150 2064 men
158 2015 236 2077 magis
247 2016 493 2066 adsummamrerurn
506 2022 648 2065 nostrarum
657 2015 784 2077 pertinere
792 2016 839 2064 arh,

93 2093 145 2134 tror
158 2085 220 2148 quid
239 2087 360 2148 agendum
382 2086 453 2136 nohis
472 2099 548 2149 quam
559 2086 618 2146 quid
632 2086 782 2148 loquendum
798 2085 831 2134 sit

95 2155 165 2204 laoile
174 2155 231 2214 erit,
240 2157 366 2219 explicatis
374 2157 492 2212 consiliis,
500 2156 681 2206 accommodare
688 2157 763 2204 rebus
772 2156 839 2205 rerba

94 2224 162 2284 Nam,
176 2226 197 2274 si
211 2226 285 2275 etiam
297 2241 362 2276 nunc
374 2228 420 2276 suh
430 2227 517 2275 umbra
526 2226 626 2274 laederis
636 2228 700 2288 aequi
713 2225 839 2274 servituter

95 2296 141 2356 pati
160 2299 290 2358 possimus,
305 2299 364 2359 quid
382 2301 450 2347 ubet
464 2297 535 2359 quin,
554 2296 658 2358 proditis
671 2296 795 2355 Sidicinis,
808 2310 839 2345 nu

96 2365 259 2417 Romanorum
271 2371 360 2426 solum,
371 2369 413 2418 sed
423 2368 571 2418 Samnitium
585 2380 685 2429 quoque
695 2366 759 2413 dicto
774 2379 839 2429 paret

96 2448 163 2492 mus,
181 2440 422 2503 respondeamusque
439 2439 568 2495 Romanis,
583 2451 641 2497 noa,
659 2436 702 2485 ubi
715 2436 839 2485 innuerint

97 2504 220 2565 posituros
242 2508 331 2556 armu‘l
347 2508 389 2557 Sin
400 2516 483 2557 autem
504 2508 602 2556 tandem
619 2505 742 2555 libertatis
762 2505 839 2555 desid<

95 2574 163 2623 rium
169 2577 293 2627 remordet
302 2580 412 2635 animos;
422 2579 443 2626 si
454 2579 533 2626 ioedus
543 2584 581 2626 est
591 2593 597 2634 ;
613 2579 633 2626 si
641 2577 745 2626 societas
752 2577 839 2638 aequati

97 2646 158 2702 iuris
174 2655 222 2709 est;
239 2648 260 2696 si
273 2652 467 2709 consanguineos
479 2662 523 2698 nos
538 2648 703 2696 Rornanorum
716 2660 778 2705 esse,
794 2660 839 2709 quo

96 2718 154 2767 olim
165 2721 279 2782 pudebat,
289 2722 461 2784 nuncgloriari
470 2722 541 2779 licet3
549 2721 571 2768 si
580 2720 675 2770 socialis
682 2720 729 2768 illis
737 2719 839 2768 exercitt

98 2789 119 2837 is
126 2796 228 2851 estque
243 2794 356 2855 adjuncto
364 2793 490 2856 duplicent
500 2791 636 2847 viressuas,
649 2803 722 2851 quem
729 2802 839 2839 secernet

96 2860 127 2908 ab
137 2874 164 2910 sc
172 2863 284 2912 consules
292 2864 365 2913 bellis
375 2864 483 2927 propriis
496 2863 618 2926 ponendis
626 2862 801 2924 sumendisque
812 2874 839 2910 nt

82 2932 139 2988 lint,
158 2946 208 2983 cnr
219 2948 271 2984 non
286 2936 371 2986 omnia
382 2935 529 2999 aequunlurl
540 2949 585 2986 cur
596 2948 644 2985 non
655 2933 718 2981 alter
728 2933 759 2982 all
769 2931 839 2982 Latin:
