1904 3216
88 175 118 223 16
393 176 551 227 oulttorttts

88 289 213 339 mediocre
224 289 356 339 discrimen
368 290 491 353 opinionis
506 299 648 340 secuturum
663 306 693 340 ex
706 293 752 341 hoc
769 306 798 342 re
814 308 856 353 pn·

89 362 165 409 tatis:
188 367 272 409 utrum
294 363 392 409 tandem
405 362 502 409 finitimi
514 363 633 425 populum
649 364 785 412 Romanum
800 378 858 413 eum

88 443 142 478 esse
158 435 254 492 putent,
278 430 350 492 cujus
368 430 389 478 si
406 445 455 492 qua
467 431 528 479 urbs
541 432 650 493 primum
660 433 722 480 illud
735 434 785 496 (ill
800 435 860 482 bre·

88 499 182 548 nissimi
199 500 316 561 temporis
334 501 483 549 sustinuerit
504 502 634 563 impetum,
650 501 714 550 nibil
725 501 816 551 deiude
828 502 861 551 ti-

88 577 168 626 meat;
179 584 210 618 an
224 570 264 618 hic
278 571 311 618 sit
322 576 405 618 terror
414 571 522 620 nominis
536 571 621 628 nostri,
634 578 662 620 ut
672 571 861 622 exercitumllo-

88 655 189 692 manum
206 654 254 689 non
266 640 366 689 taedium
382 641 525 704 longinquae
548 641 746 704 oppugnationis,
761 656 812 692 non
824 644 861 700 ris

87 713 178 762 hiemis
192 712 222 759 ab
235 713 295 761 urbe
310 712 468 761 circumsessa
485 713 561 760 semel
577 725 689 760 amovere
706 713 791 774 possit,
813 727 860 762 nec

87 783 163 832 finem
185 784 262 831 ullum
287 783 364 831 alium
387 782 446 830 belli
462 796 535 843 quam
553 781 682 830 uictoriam
693 781 799 836 noterit.
815 797 861 833 neo

19 884 21 889 .
87 853 183 916 impetu
194 855 274 916 potius
288 854 352 902 bella
367 867 441 914 quam
461 853 642 915 perseverantia
656 858 742 915 gerat:
759 866 817 914 quae
833 855 860 903 in

87 923 155 971 omni
174 923 274 984 quidem
297 936 389 986 genere
409 922 517 979 militiae,
533 924 640 971 maxime
658 929 739 971 tamen
755 922 782 971 in
796 924 861 974 obsi·

86 992 173 1042 dendis
185 993 288 1042 urbibus
302 993 440 1042 necessaria
456 1003 508 1049 rst;
526 1006 633 1054 quarum
645 994 786 1056 plerasque.
802 1009 861 1044 mu-

87 1062 224 1111 nitionibus
235 1077 263 1111 ac
278 1063 386 1112 naturali
397 1062 447 1111 situ
463 1061 675 1125 inexpugnabiles,
690 1065 755 1112 lame
769 1064 861 1128 sitique

86 1138 186 1194 tempus
206 1134 287 1195 ipsum
308 1133 357 1197 (ta)
376 1133 452 1181 vincit
471 1141 546 1195 atque
563 1140 701 1195 expugnatt
715 1133 780 1182 sicut
794 1135 862 1185 Veios

87 1203 248 1265 expugnabit,
262 1204 309 1252 nisi
323 1203 416 1252 auxilio
430 1203 542 1252 hostibus
552 1201 649 1251 tribuni
663 1203 744 1264 plebis
756 1205 860 1261 luerint,

87 1279 112 1320 et
135 1273 216 1320 llomae
241 1272 381 1321 invenerint
407 1271 524 1334 praesidia
546 1271 741 1333 letantesque
760 1272 861 1334 nequic-

87 1342 297 1403 quaminlltruria
307 1349 432 1402 quaerunt.
444 1344 479 1389 An
492 1348 528 1390 est
541 1341 678 1403 quidquam
693 1342 759 1400 quod
772 1341 862 1391 Veien-

87 1411 153 1460 tibus
176 1416 288 1472 optatum
310 1425 380 1473 aeque
406 1411 552 1473 contingere
571 1411 655 1473 possit,
670 1425 745 1473 quam
759 1418 789 1462 ut
797 1412 862 1462 sedi-

86 1482 196 1531 tionibus
210 1482 320 1544 primum
339 1483 400 1530 urbs
411 1483 528 1543 Romana,
545 1481 633 1530 deinde
646 1481 712 1531 velut
733 1496 764 1531 ex
779 1489 862 1534 conta·

86 1553 160 1614 gione
177 1560 256 1600 costra
270 1551 440 1614 impleantur?
455 1552 493 1605 nt,
505 1552 612 1607 hercule,
625 1551 691 1613 apud
699 1553 784 1603 hostes
791 1560 861 1603 tanta

86 1621 204 1684 modestia
219 1621 267 1682 (13)
282 1628 328 1678 est,
342 1627 370 1669 ut
385 1634 435 1669 non
443 1620 577 1668 obsidionis
593 1620 678 1679 taedio,
690 1634 740 1670 non
754 1622 862 1686 denique

86 1698 166 1760 regni,
189 1698 324 1760 quidquam
341 1698 406 1759 apud
429 1711 471 1745 eos
492 1704 611 1745 novatum
632 1695 680 1752 sit;
706 1710 756 1746 non
771 1705 862 1760 negata

86 1768 177 1817 auxilia
195 1770 225 1817 ab
243 1768 353 1817 Etruscis
370 1766 524 1816 irritaverint
536 1767 642 1816 animos.
659 1767 775 1817 Morietur
794 1768 862 1818 enim

87 1839 366 1901 extemploquicumqtte
378 1838 428 1887 erit
436 1836 658 1886 seditionisauctor
665 1851 673 1895 ;
687 1852 733 1887 nec
744 1838 861 1902 cuiquam

86 1910 167 1958 dicere
186 1922 215 1958 ea
234 1909 321 1958 licebit
334 1922 391 1970 quae
408 1909 472 1970 apud
487 1922 528 1956 vos
543 1906 647 1970 impune
658 1907 786 1959 dicuntur.
800 1911 862 1959 l'us·

86 1979 198 2028 tuarium
207 1988 319 2028 meretur
331 1979 376 2041 qui
387 1979 458 2040 signa
466 1977 587 2040 relinquit
605 1985 648 2026 aut
661 1979 780 2041 praesidio
792 1982 861 2029 dece·

86 2051 139 2106 dit:
154 2059 267 2099 auctores
279 2050 350 2111 sigua
361 2048 518 2112 relinquendi
530 2055 555 2096 et
569 2049 698 2097 deserendi
709 2058 800 2107 castra,
812 2064 860 2099 non

88 2120 132 2168 uni
144 2127 188 2170 aut
201 2121 275 2168 alteri
292 2119 377 2178 militi,
385 2120 428 2169 sed
438 2118 562 2168 universis
572 2119 723 2168 exercitibus
740 2120 821 2178 palam
833 2120 860 2169 in

87 2191 206 2239 concione
220 2191 371 2239 audiuntur:
391 2191 452 2238 adeo
465 2188 589 2251 quidquid
601 2184 709 2232 tribunus
725 2189 807 2251 plebis
825 2191 861 2238 lo-

86 2260 180 2321 quitur,
193 2260 238 2307 etsi
249 2259 382 2322 prodendae
392 2258 480 2320 patriae
488 2258 700 2319 dissolvendaeque
711 2258 859 2320 reipublicae

86 2335 133 2379 est.
149 2330 266 2377 assuestis
283 2328 348 2390 requi
362 2327 460 2382 audire;
470 2333 503 2383 et,
518 2327 649 2376 dulcedine
664 2329 793 2390 potestatis
807 2329 861 2390 eJus

86 2398 159 2459 capti,
172 2399 289 2459 quelibet
307 2398 353 2446 sub
372 2411 400 2446 ea
417 2396 509 2444 scelera
526 2397 603 2444 latere
621 2397 712 2446 sinitis.
728 2398 860 2460 Reliquum

85 2527 229 2571 ll.Primum
238 2529 300 2571 illud
308 2529 399 2584 (d’apres
413 2536 462 2573 tous
487 2525 553 2582 poris
573 2525 690 2581 impetum,
702 2525 723 2569 le
739 2526 793 2570 ehoe
808 2526 860 2570 d'tm

86 2590 119 2632 les
129 2591 183 2633 bons
192 2592 330 2640 manuscrits,
341 2605 369 2634 au
379 2592 425 2634 lieu
434 2591 461 2632 de
490 2593 594 2637 moment,
608 2586 703 2628 lassant.
712 2609 739 2618 -
752 2586 785 2630 12.
798 2587 862 2630 Tem·

88 2651 174 2705 illum),
185 2659 240 2695 cette
260 2654 368 2708 premiere
388 2654 460 2700 chose,
488 2660 532 2703 prta
550 2648 634 2703 ipsum,
645 2648 665 2691 le
675 2655 745 2703 temps
762 2648 818 2692 seul.
833 2671 860 2681 -·

86 2720 143 2756 cette
157 2716 265 2768 premiere
282 2715 460 2763 demorislration,
489 2711 521 2753 13.
541 2711 658 2753 Modestia.
676 2709 713 2761 lei,
730 2716 752 2753 et
768 2716 861 2753 soureut

87 2774 197 2829 l'attaque,
216 2788 301 2819 comme
320 2776 460 2830 l'orpliqucut
489 2774 586 2823 ailleurs,
597 2786 622 2817 ce
632 2779 677 2816 mot
693 2784 716 2815 se
730 2771 859 2826 rapproclre,

87 2838 209 2880 ensuiloles
215 2838 391 2892 metsajoute'sen
398 2838 459 2890 guise
487 2846 543 2888 potu·
552 2835 572 2876 le
583 2846 640 2885 sous,
657 2833 696 2876 des
710 2838 791 2875 termes
800 2831 860 2874 datt-

87 2898 238 2952 d'opposition,
256 2899 386 2943 brevissimi
403 2909 459 2941 tem·
484 2901 536 2954 cais,
547 2901 620 2953 ordre,
629 2899 753 2954 discipline.
