1904 3216
92 182 108 228 6
396 179 561 230 ulterioris

105 299 171 356 Appci
185 312 213 344 eu
225 303 312 344 crime:
323 301 450 356 reproches,
467 307 670 355 encourugcments,
684 303 802 346 excitatior
813 303 853 346 des

418 376 523 415 passions.
800 378 803 383 ·

121 479 174 529 Non
186 478 235 529 sibi
249 480 358 529 defuisse
371 479 411 527 cui
432 485 509 540 nupta
528 478 664 535 diceretur,
678 491 726 526 nec
739 492 797 527 cum
815 492 866 541 quo

90 550 164 598 incita
180 549 302 598 serviret:
315 547 423 597 defuisse
435 548 477 609 qui
490 562 516 596 se
534 561 611 608 regno
625 548 731 608 dignum
748 553 865 610 putaret;

91 619 135 680 qui
146 620 302 670 meminisset
315 632 341 667 se
353 631 408 667 esse
420 616 496 666 Prisci
511 616 642 678 Tarquinii
653 617 750 674 filium;
765 618 810 680 qui
821 618 866 666 hu-

90 689 150 738 bere
158 703 234 752 quam
247 701 349 752 sperare
361 700 468 749 regnum
478 687 570 735 maliet.
586 686 610 735 Si
624 694 654 736 tu
667 687 689 736 is
705 701 742 746 es,
750 687 790 736 cui
800 700 866 750 nup-

90 761 141 806 tum
150 772 204 808 esse
214 773 254 808 mc
263 757 382 816 arbitror,
391 762 417 805 et
425 756 508 804 virum
516 761 541 804 et
552 770 638 817 regem
646 756 744 819 appello
749 772 757 813 ;
768 757 810 806 siu
817 756 866 806 mi·

90 840 147 882 nus,
157 841 187 876 eo
197 841 263 877 nunc
272 827 342 888 pejus
354 832 448 874 mutatu
459 839 499 873 res
506 833 554 880 est,
564 829 628 889 quod
641 827 698 876 istic
712 827 745 889 (i)
758 841 817 877 cum
826 828 864 890 ig·

90 898 161 946 navia
171 904 209 947 est
222 899 311 947 scelus.
325 897 390 954 Quin
400 897 555 958 accingeris?
570 899 623 947 Non
633 897 681 948 tihi
698 898 729 947 uh
746 898 865 949 Corintho

89 981 135 1017 nec
145 971 176 1018 ab
189 969 339 1032 Tarquiniis,
350 974 379 1016 ut
388 968 452 1030 patri
465 977 516 1024 tuo,
530 969 666 1032 peregrina
682 982 762 1030 regna
777 970 863 1019 moliri

89 1051 188 1088 necesse
200 1045 250 1089 est:
266 1038 301 1087 dii
312 1045 337 1087 te
349 1039 451 1086 Penates
462 1038 596 1100 patriique,
607 1045 632 1088 et
643 1038 721 1101 patris
732 1038 825 1101 imago,
838 1046 864 1088 et

89 1106 179 1157 domus
190 1108 266 1171 regia.
277 1109 335 1158 etin
346 1108 419 1157 domo
426 1108 510 1168 regale
521 1110 620 1167 solium,
629 1114 751 1159 etnomcn
758 1110 864 1173 Tarqui·

53 1174 56 1178 ’
89 1178 160 1228 nium
172 1187 239 1228 creat
245 1187 364 1240 vocatque
373 1192 469 1240 regem.
478 1181 526 1226 Aut
536 1179 557 1226 si
568 1179 657 1229 adhaec
667 1193 755 1241 parum
763 1186 801 1228 est
812 1179 865 1228 ani-

89 1245 134 1302 mi,
144 1247 203 1308 quid
211 1248 344 1295 frustraris
351 1246 491 1296 civitatem?
501 1248 563 1308 quid
572 1253 597 1297 te
606 1256 634 1297 ut
641 1250 739 1311 regium
745 1247 864 1310 juvenem

89 1317 197 1376 conspici
207 1316 285 1365 sinist
300 1316 400 1365 Facessc
412 1315 472 1364 hinc
483 1316 632 1378 Tarquinios
645 1323 689 1366 aut
702 1317 863 1374 Corinthum,

89 1382 218 1434 devolvere
235 1385 268 1451 (2)
286 1390 355 1434 retro
375 1385 405 1434 ad
421 1387 532 1448 stirpem,
552 1387 638 1436 [ratris
655 1386 765 1436 similior
785 1400 863 1450 quam

88 1456 177 1516 patris.
415 1463 416 1466 ’

338 1648 394 1695 EX
414 1646 552 1693 ΙιΙΙΙΙῑθ
572 1645 610 1693 ΙΙ

449 1807 498 1857 vll

88 1945 144 2008 Cap.
162 1947 187 1994 5.
208 1943 286 1995 Verba
300 1941 397 2005 aliquot
415 1940 610 1989 adolescentium
626 1943 793 1991 Romanorum
817 1943 862 2008 qui

118 2031 187 2079 repes
196 2015 285 2080 pulsos
294 2018 318 2061 ct
334 2026 475 2060 conversum
487 2011 596 2059 civitatis
611 2017 706 2061 statum
715 2012 864 2076 proraiam-

72 2133 73 2138 ,
118 2082 400 2147 tnr.(2451t.‚ttttav.
417 2081 492 2143 u-C.)

118 2207 356 2266 Repem’hominem
371 2220 435 2263 esse,
449 2220 462 2254 a
477 2220 525 2268 quo
542 2205 670 2267 impetres,
684 2207 728 2255 uhi
745 2208 798 2268 jus,
815 2207 861 2259 ubi

88 2276 179 2337 injuria
199 2278 232 2340 (1)
247 2289 309 2339 opus
324 2278 369 2324 sit:
383 2289 437 2325 esse
448 2274 536 2336 gratiae
549 2273 640 2330 locum,
655 2288 709 2323 esse
728 2275 860 2340 benefici03

113 2425 146 2466 vl,
155 2425 173 2465 1,
184 2423 246 2471 13150,
254 2435 309 2478 pour
317 2421 382 2477 apud
392 2424 421 2464 te.
431 2443 456 2451 -
485 2417 540 2467 bles,
552 2419 606 2460 amis
618 2424 641 2460 ct
651 2430 805 2463 commensaux
823 2422 861 2466 des

87 2484 399 2540 2.1vaolvcrc‚impe'ratiidu
409 2496 458 2539 pas·
485 2479 600 2534 i'arquius.
632 2477 791 2524 Adulescentes
815 2483 861 2534 (dit

87 2548 123 2591 sii.
144 2546 240 2592 Similis.
258 2546 353 2600 employc
370 2544 424 2588 dnus
436 2545 457 2586 lc
484 2539 634 2589 Teu-thano
651 2540 717 2583 kuni
731 2541 780 2584 loco
800 2542 858 2595 orii,

88 2621 140 2652 sens
152 2608 228 2654 morai,
238 2607 294 2661 regit
306 2607 356 2663 pius
365 2613 458 2650 souvent
485 2613 585 2656 quorum
594 2601 619 2644 in
630 2614 702 2657 reatu)
712 2602 785 2646 libido
795 2604 858 2647 solu·

88 2670 108 2712 ic
116 2669 197 2725 gc'nitii
206 2680 248 2722 que
260 2671 281 2708 tc
290 2668 351 2710 datii.
486 2662 629 2718 iiorsttcrct,
643 2664 744 2718 equales
758 2665 859 2710 sodates·

115 2730 157 2774 Vil.
172 2732 191 2772 1.
205 2729 399 2785 voinsunuopm
417 2728 456 2772 cit.
485 2737 529 2780 quc
551 2726 733 2769 adolescentium
760 2726 860 2783 Tarqui-

87 2784 116 2827 Ce
125 2792 174 2827 sont
183 2783 210 2825 ici
220 2784 244 2839 (ii
256 2794 284 2824 uc
296 2784 342 2825 iniit
353 2795 392 2838 pus
402 2781 457 2826 i'ou·
485 2786 587 2838 nicrum,
597 2788 691 2831 adsueti
707 2799 772 2831 moro
792 2788 857 2846 reqio

88 2844 152 2897 blieri
164 2844 203 2887 des
215 2856 291 2899 propos
303 2855 346 2900 quc
358 2846 457 2887 ticnucnt
485 2848 569 2892 cicere.
580 2848 608 2891 lis
617 2848 783 2905 eutcudeutpor
793 2849 857 2906 inju-

88 2913 150 2950 ontrc
163 2919 205 2950 eux
218 2905 256 2948 dos
262 2905 342 2960 iouues
351 2918 406 2962 gens
417 2918 456 2949 uo·
483 2909 522 2954 ria
532 2912 570 2955 dee
581 2910 668 2955 sarcum
677 2911 779 2967 injustos.
