1904 3216
129 199 174 246 tlt
433 199 596 249 oralionus

123 315 152 363 yi
170 329 258 376 capere
280 314 397 362 maluisse
408 331 413 363 :
425 316 483 363 dein
497 329 573 376 quum
586 315 612 363 id
625 329 706 376 neque
730 321 798 362 terra
814 328 898 376 neque

129 383 202 432 mari.
213 384 296 431 omnia
306 389 430 444 expertus,
438 385 565 446 potuisset,
578 390 689 432 auctores
697 383 843 431 traditarum
855 384 898 445 Sy-

127 455 381 502 racusarum'sabrum
388 456 748 504 aerariumSosimetlloerieum
754 457 895 518 Hispanum,

129 538 204 585 quam
216 524 339 585 principes
350 525 560 585 Syracusanorum
570 526 670 581 habere,
679 525 753 574 toties
761 526 784 573 id
794 527 897 588 nequie-

67 630 69 635 .
128 607 204 655 quam
220 595 285 642 ultro
305 593 446 651 offerentes,
458 602 607 658 praeoptasse
617 594 649 661 (2)
666 610 732 657 :quo
750 597 843 646 scilicet
856 596 898 655 ju-

124 664 204 712 stiore
217 664 247 712 de
258 678 331 713 eausa
338 665 519 715 vetustissimos
528 667 699 730 sociospopuli
707 668 809 717 Romani
819 668 897 716 truci-

128 733 201 782 daret
214 748 242 782 ac
252 733 382 795 diriperet.
397 734 421 783 Si
441 749 490 783 non
512 735 673 799 Hieronymus
685 739 715 786 ad
735 737 898 786 Hannibalem

128 803 266 863 defecisset,
280 804 324 853 sed
332 804 439 866 populus
450 805 617 866 Syracusanus
625 813 649 856 et
660 816 773 866 senatus;
785 809 805 856 si
815 814 898 870 portas

126 872 241 922 narceno
262 873 409 934 Syracusani
429 875 534 934 publice,
549 880 573 923 et
586 887 646 931 non,
658 877 781 938 oppressis
792 877 899 937 Syracu·

124 943 202 999 sanis,
209 942 308 1004 tyranni
319 952 406 990 eorum
415 943 573 1006 Hippocrates
581 949 606 994 et
612 943 728 1006 Epicydes
736 947 896 1004 clausissent;

127 1013 148 1062 si
158 1012 400 1074 Carthaginiensium
412 1014 502 1063 animis
519 1015 613 1062 bellum
625 1028 683 1062 oum
690 1017 778 1077 popule
788 1018 898 1065 Romano

124 1083 277 1145 gessissent:
293 1080 352 1145 quid
363 1083 430 1132 ultra
443 1098 518 1145 quam
528 1086 593 1148 quod
603 1085 699 1140 lecerit.
706 1085 753 1134 nisi
764 1093 793 1134 ut
805 1088 899 1137 deleret

128 1153 272 1215 Syracusas,
287 1154 367 1203 lacere
387 1153 511 1204 hostiliter
528 1156 667 1204 llarcellum
688 1155 813 1216 potuisse?
827 1157 897 1205 Certe

126 1225 318 1287 praetermoenia
325 1234 350 1275 et
357 1229 425 1275 tecta
435 1228 552 1275 exhausta
562 1224 675 1287 urbisac
687 1225 791 1274 refracta
802 1240 830 1274 ac
839 1240 898 1288 spo-

126 1294 185 1343 liata
197 1296 270 1344 dedm
281 1295 393 1359 delubra',
403 1296 450 1345 diis
457 1297 519 1359 ipsis
527 1296 729 1358 ornamentisque
736 1310 822 1345 eorum
832 1297 898 1344 abla-

119 1364 171 1422 tis,
185 1364 249 1414 nihil
262 1366 378 1416 relictum
393 1367 518 1428 Syracusis
538 1381 599 1426 esse.
613 1367 679 1415 Bona
695 1379 793 1428 quoque
811 1366 898 1414 multis

123 1434 251 1496 adempta:
260 1436 296 1483 ita
310 1443 336 1483 ut
343 1437 450 1485 nenudo
457 1437 556 1498 quidem
563 1435 785 1501 solol3),reliquiis
792 1435 898 1495 direptae

126 1503 233 1552 fortunae
257 1506 324 1555 alere
332 1519 386 1556 sese
397 1520 425 1554 ac
433 1521 491 1556 suos
501 1512 610 1568 possent.
617 1506 695 1554 Orare
708 1518 734 1552 se
745 1505 830 1553 Patres
836 1503 899 1552 Con-

126 1573 241 1637 scriptos,
252 1580 289 1631 ut,
301 1574 323 1624 si
336 1581 461 1636 nequeant
476 1577 565 1634 omnia,
577 1577 664 1624 saltem
673 1587 728 1634 quae
741 1581 898 1636 compareant

123 1645 292 1706 cognoscique
305 1644 410 1708 possint,
419 1644 518 1695 restitui
533 1643 758 1704 dominisjubeant.

473 1821 552 1871 extu

122 1951 181 2014 Cap.
201 1950 234 2000 30
253 1957 278 2001 et
298 1952 338 2002 31.
361 1953 446 2004 Oratio
471 1954 503 2002 ll.
525 1952 637 2004 Marcelli
661 1950 778 2008 consulta,
802 1949 898 2015 objecta

256 2021 305 2071 cibi
314 2037 330 2070 a
340 2023 504 2087 Syracusanis
516 2024 624 2073 crimina
636 2021 767 2070 diluentis.

145 2144 198 2182 ralia
208 2149 328 2196 conquestos
337 2145 466 2192 Syracusanos
476 2157 536 2196 quum
545 2146 641 2185 excedere
651 2143 705 2183 curia
718 2143 810 2190 laevinus,
825 2144 899 2192 collega

123 2190 216 2234 llarcelll,
224 2191 324 2236 yussisset,
333 2191 435 2228 Marcellus
444 2202 450 2226 ι

153 2287 270 2330 Marcellus
280 2292 332 2330 veut
341 2286 401 2338 bien,
411 2298 455 2328 non
464 2298 503 2340 pas
521 2299 544 2328 se
550 2287 654 2340 iustifier,
664 2287 719 2329 mais
726 2287 838 2328 examiner
847 2290 898 2340 quel

126 2349 246 2391 chatiment
262 2347 295 2390 les
311 2348 400 2390 vaiucus
416 2347 516 2389 devaient
528 2347 597 2390 suhir.
610 2347 639 2389 lls
653 2359 677 2390 sa
695 2354 743 2389 sout
760 2346 860 2388 canduits
870 2357 898 2387 en

126 2412 233 2453 ennemis.
243 2435 270 2444 -
278 2410 346 2453 Leurs
356 2408 502 2465 propositione
511 2408 539 2450 de
552 2409 601 2463 paix
615 2408 674 2452 n'ont
685 2409 746 2463 point
760 2407 794 2449 ete
808 2419 899 2462 repons-

125 2557 173 2600 voy.
200 2543 220 2586 ln
241 2544 355 2586 llamtion
379 2541 455 2586 XXXV.
474 2566 501 2575 -
528 2542 620 2586 sistance
629 2554 668 2597 par
676 2542 696 2585 la
706 2543 799 2592 culture,
808 2552 900 2594 oupour

124 2606 145 2650 2.
168 2604 323 2657 Praeoptcsse5
338 2616 385 2660 voy.
408 2604 428 2646 la
448 2603 501 2645 liar-
528 2617 540 2658 y
558 2605 680 2646 construite
697 2604 735 2646 des
751 2603 897 2645 habitatione:

125 2667 197 2710 ration
223 2664 325 2718 mvlll,
358 2677 378 2720 p.
409 2666 448 2709 llo
478 2671 501 2707 et
528 2677 556 2707 on
566 2667 622 2708 avait
637 2664 708 2708 donno
726 2665 786 2707 leurs
804 2665 899 2707 maisons

126 2729 182 2772 suiv.
193 2750 219 2759 -
234 2727 255 2770 5.
274 2727 304 2769 Nc
325 2726 387 2769 nudo
407 2725 501 2782 quidem
528 2731 551 2769 et
560 2727 618 2769 leurs
629 2733 696 2769 terres
705 2727 749 2780 (ces
758 2726 814 2768 deux
823 2726 899 2769 choses

126 2789 192 2834 solo:
207 2789 219 2830 d
235 2787 347 2840 beaucoup
364 2788 446 2830 d'cntre
460 2799 501 2830 eux
528 2796 575 2832 sont
602 2789 720 2842 comprises
745 2788 797 2830 dans
816 2787 836 2830 le
855 2796 899 2831 mot

127 2863 155 2893 on
164 2849 244 2892 n'svait
252 2862 290 2904 pas
306 2849 377 2891 meme
393 2848 458 2891 laissa
473 2848 500 2891 de
528 2850 683 2904 coneidSosis
697 2858 718 2893 at
736 2851 748 2892 d
762 2850 861 2901 ildricus,
871 2863 899 2893 en

112 2912 382 2965 termlapoul·scurnlrl
391 2911 501 2957 leursub-
528 2911 668 2966 recompensa
678 2911 705 2954 dc
720 2910 781 2953 leurs
797 2911 897 2952 services.
