1904 3216
127 191 174 244 too
344 171 347 174 ’
430 196 590 247 oulnouus

468 384 557 434 CLXIII

127 523 184 585 Cap.
209 523 248 571 to.
281 523 367 575 Oratio
393 521 643 634 Sulpigiitcoinsuliu
662 521 768 572 Miniona
793 539 899 589 respon-

483 601 512 634 en
525 599 556 635 aa.
648 615 650 618 >

153 727 271 771 Antiochus
287 727 360 770 abien
373 728 412 770 lait
425 728 452 770 de
469 742 497 773 na
513 743 552 785 pas
565 742 589 772 se
599 730 691 783 charger
700 727 817 771 lui-meme
831 727 899 772 d’une

128 788 219 844 pareille
224 787 323 842 reponse.
330 789 549 844 L'usanettissement
557 790 596 835 des
603 790 691 834 ltaliens
696 790 730 832 n'a
735 789 814 844 jamule
824 789 885 832 cesse
893 805 899 841 ;

127 848 184 890 celui
194 848 232 890 des
242 847 307 891 (trees
315 848 384 891 d'lsie
393 849 428 891 n'a
438 848 472 891 ete
481 862 525 905 que
540 849 687 894 momentano.
707 873 734 882 -
743 851 759 893 Α
768 862 793 892 ce
803 856 897 906 compte,

127 910 160 952 les
169 910 311 953 descendants
322 910 349 953 de
359 910 458 968 Philippe
467 914 595 966 pourraient
603 911 752 967 revendiquer
761 911 782 954 la
791 910 858 955 Greca
868 925 899 955 un

126 971 186 1024 jour.
197 993 224 1002 -
232 970 284 1014 llais
295 971 312 1013 il
321 971 367 1015 faut
377 972 455 1016 laisser
465 973 538 1028 parler
547 973 580 1018 les
588 974 654 1017 Grecs
663 973 805 1016 eux-memes.

160 1085 227 1135 Fecit
237 1086 376 1136 verecunde
386 1087 529 1146 Antiochus,
544 1089 597 1151 qui,
608 1089 628 1137 si
639 1089 688 1136 alia
706 1102 750 1151 pro
763 1101 835 1137 causa
846 1088 900 1148 eJ'us

128 1168 178 1204 non
189 1161 260 1204 erant
270 1169 325 1218 quae
337 1155 487 1214 dicerentur,
505 1158 639 1220 quemlibet
657 1158 711 1215 ista,
728 1171 801 1221 quam
817 1170 851 1214 se,
863 1157 901 1206 di-

128 1238 185 1274 cere
200 1225 295 1275 maluit.
311 1226 374 1283 Quid
387 1228 455 1276 enim
465 1228 546 1278 simile
561 1229 634 1278 habet
651 1228 790 1278 civitatium
805 1241 898 1287 earum,

129 1309 189 1357 quas
200 1297 358 1358 comparasti,
373 1300 466 1348 causa‘l
482 1299 517 1348 Ab
526 1299 643 1362 Rheginis
657 1308 681 1348 et
696 1298 865 1361 Neapolitanis
876 1304 901 1348 et

128 1366 274 1424 Tarentinis,
291 1381 320 1416 ex
336 1369 419 1429 quoin
430 1374 540 1418 nostram
553 1376 676 1426 venerunt
686 1374 840 1432 potestatem,
852 1382 901 1417 uno

128 1443 153 1485 et
169 1443 286 1498 perpetuo
294 1444 380 1488 tenore
388 1439 462 1498 juris,
474 1451 571 1500 semper
584 1447 712 1501 usurpato,
725 1452 853 1500 nunquam
863 1439 901 1487 in-

129 1509 254 1566 termisso,
269 1521 325 1570 quae
340 1523 369 1558 ex
380 1510 474 1560 loedere
486 1510 718 1571 debenuexigimus.
730 1509 833 1558 Potesne
845 1514 901 1556 tan-

129 1579 186 1628 dem
197 1579 317 1628 dicerent
327 1579 346 1629 ii
358 1581 444 1643 populi
456 1594 506 1629 non
513 1594 558 1644 per
567 1595 602 1637 se,
614 1594 663 1629 non
674 1594 719 1642 per
732 1579 811 1628 alium
821 1592 902 1640 quen-

128 1662 202 1711 quam
217 1650 296 1699 loedus
313 1652 475 1707 mutaverint,
489 1651 525 1699 sic
545 1651 608 1698 bsiae
629 1649 748 1706 civitates,
769 1655 798 1697 ut
824 1653 901 1700 semel

128 1725 251 1769 venerunt
263 1721 291 1770 ln
300 1720 426 1784 majorum
439 1721 551 1770 Antiochi
573 1727 727 1783 potestatem,
738 1720 763 1767 in
780 1728 903 1783 perpetua

129 1791 280 1852 possessione
292 1791 365 1853 regni
379 1792 456 1840 vestri
463 1791 638 1854 permansisse,
651 1798 731 1839 etnon
742 1791 803 1840 alias
812 1806 901 1841 earum

130 1860 157 1908 in
171 1859 285 1924 Philippi.
296 1861 356 1910 alias
366 1861 394 1910 in
407 1862 534 1910 Ptolemaei
546 1861 622 1910 tuisse
636 1866 764 1922 potestate,
779 1861 840 1910 alias
855 1876 902 1923 per

128 1932 221 1980 multos
243 1945 320 1981 annos
341 1933 409 1981 nullo
430 1933 571 1993 ambigente
592 1932 731 1980 libertatem
746 1934 901 1994 usurpasse?

130 2000 235 2060 tiamsi,
250 2001 316 2064 quod
330 2001 462 2063 aliquando
475 2002 614 2051 servierunt
623 2010 763 2063 temporum
770 2002 902 2063 iniquitate

129 2069 216 2131 pressi,
226 2070 268 2131 ius
283 2077 336 2132 post
344 2072 476 2120 totsaecula
485 2071 517 2133 (ll
531 2070 656 2120 asserendi
667 2084 709 2119 eos
722 2071 748 2119 in
755 2071 901 2120 servitutem

129 2140 219 2196 laciet;
237 2140 298 2202 quid
311 2142 379 2190 abest
395 2142 456 2202 quin
469 2149 552 2190 actum
573 2140 644 2190 nobis
661 2141 726 2190 nihil
744 2139 784 2199 sit,
804 2141 870 2202 quod
888 2155 901 2190 a

131 2209 243 2272 Philippo
258 2209 418 2260 liberavimus
432 2211 560 2267 Graeciam,
572 2217 597 2258 et
611 2217 722 2272 repetant
738 2211 832 2273 posteri
847 2211 901 2273 ejus

131 2279 286 2336 Corinthum,
310 2280 456 2338 Chalcidem,
478 2280 658 2329 Demetriadem
679 2287 703 2328 et
729 2281 902 2330 Thessalorum

131 2357 208 2399 totam
229 2353 348 2415 gentem?
363 2351 408 2402 Sed
428 2352 488 2414 quid
503 2366 549 2414 ego
570 2366 670 2401 oausam
692 2352 830 2400 civitatium
845 2365 901 2412 ago,

63 2468 66 2478 ,
132 2434 215 2482 quam,
230 2423 289 2484 ipsis
304 2423 435 2485 agentibus
443 2423 486 2487 (li,
497 2429 521 2472 et
533 2437 576 2472 nos
590 2431 615 2471 et
626 2436 710 2484 regem
721 2422 803 2485 ipsum
814 2435 903 2482 cogno-

133 2503 201 2538 scere
217 2493 312 2553 aequius
322 2495 377 2542 esti

158 2611 240 2655 Cllllll.
262 2616 280 2656 1.
301 2614 398 2667 Secula,
424 2616 503 2671 proba·
531 2616 586 2659 tium
601 2615 803 2670 legationesjussit,
821 2625 903 2669 prapa-

131 2674 502 2732 hlcmenticidanssasignilicetion
529 2682 588 2719 ratas
597 2678 642 2732 jam
654 2684 702 2719 ante
717 2682 738 2719 et
748 2677 865 2718 instructas
876 2675 903 2719 ab

132 2736 159 2778 de
168 2739 232 2787 cetos,
245 2746 305 2788 γινιὰ,
317 2738 372 2793 l'lge
384 2738 451 2782 d’une
465 2739 503 2795 gd·
529 2740 634 2791 Eumene,
646 2741 691 2795 qui,
709 2743 904 2794 quantumcunque

131 2797 230 2841 niratica
242 2800 504 2855 (at1·oisparsieclel.-
531 2802 613 2843 virium
638 2802 742 2844 Antiocho
766 2802 903 2854 decessisset,

131 2856 151 2901 2.
172 2859 231 2914 lpst's
255 2860 402 2915 opuntibus:
427 2874 464 2904 car
483 2861 504 2905 le
531 2875 571 2906 suo
581 2863 603 2906 id
613 2875 753 2907 accessurum
761 2877 829 2920 regno
838 2866 904 2909 duce-

122 2919 202 2962 consul
216 2938 227 2959 ι
240 2924 313 2965 vocari
330 2921 411 2967 deinde
428 2923 505 2968 civita·
531 2922 578 2969 bat.
589 2940 600 2962 υ
