1904 3216
72 274 75 279 ,
95 207 141 257 lat
396 204 559 255 onlrronns

94 323 199 380 alarum,
213 321 353 371 cohortium
366 321 398 385 (l)
414 322 512 380 robora,
525 325 551 369 et
561 317 678 368 fidissimi
688 330 771 381 reget,
784 324 812 370 et
824 325 867 370 tua

75 392 78 399 '
94 397 244 442 anteomnes
255 392 416 457 experientia.

125 460 198 509 Nobis
208 460 274 509 nihil
288 461 354 509 ultra
363 460 484 522 arrogaho
496 472 571 521 quam
585 472 616 507 ne
628 464 683 521 post
694 457 823 508 Valentem
837 472 866 508 ac

94 530 214 581 cecinam
230 531 261 594 (5)
277 543 445 580 numeremur.
460 530 494 579 lie
509 536 593 578 tamen
612 528 751 578 llucianuru
768 528 867 579 socium

94 602 224 666 spreveris,
239 601 300 664 quia
311 601 430 650 aemulum
440 613 491 649 non
503 599 624 662 experiris
640 600 671 664 (6)
688 616 695 648 r
711 614 752 651 me
765 599 867 651 vitellio

93 679 223 736 antepono,
235 679 259 722 te
273 671 335 721 mihi
351 688 356 719 :
373 679 422 721 tuae
437 671 522 721 domui
536 671 687 733 triumphale
697 685 800 730 nomen,
816 673 867 722 duo

24 803 27 810 Ι
91 743 201 805 juvenes,
214 742 348 806 capariam
358 741 459 803 imperii
468 740 532 789 alter
544 740 575 803 (l)
584 741 867 804 etprimismilitioean-

94 811 134 862 nis
141 813 207 873 apud
217 812 374 862 Germanicos
383 824 481 873 quoque
488 812 612 862 exercitus
620 811 711 859 clarus.
721 810 867 867 Absurdunr

93 881 170 931 luerit
187 896 236 930 non
252 882 341 931 cedere
352 881 458 944 imperio
470 880 503 937 ei,
520 881 591 942 cujus
606 881 686 929 hlium
698 879 866 942 adoptaturus

93 964 181 1009 essem,
193 952 215 1000 si
227 952 281 1014 ipse
297 952 454 1014 imperarem.
473 951 587 1001 Ceterum
600 950 665 999 inter
674 963 718 999 nos
730 963 782 1000 non
799 949 867 1002 idem

92 1038 266 1087 prosperarum
280 1027 489 1087 adversarumque
505 1039 590 1074 rerum
605 1025 665 1074 ordo
680 1024 749 1074 erit:
767 1037 828 1074 uam
843 1025 866 1075 si

93 1094 222 1154 vincimus,
233 1097 353 1145 honorem
365 1108 438 1158 quem
448 1093 546 1145 dederis
558 1095 668 1154 haheho;
685 1093 824 1143 discrimen
836 1107 867 1144 ac

92 1164 204 1226 pericula
215 1179 244 1214 ex
256 1180 328 1229 aequo
341 1166 473 1227 patiemur.
489 1167 549 1222 lmo,
560 1170 589 1214 ut
600 1164 689 1214 melius
701 1168 748 1222 est,
761 1169 818 1214 tuos
831 1164 865 1229 (8)

93 1235 214 1284 exercitus
221 1248 289 1296 rege,
302 1235 365 1283 mihi
374 1234 467 1282 bellum
477 1240 502 1284 et
510 1234 657 1296 proeliorum
667 1233 765 1283 incerta
774 1232 848 1283 trade
857 1249 865 1282 ε

91 1303 186 1352 acriore
197 1303 271 1353 hodie
282 1303 415 1364 disciplina
429 1303 489 1351 victi
506 1317 582 1370 quam
595 1303 700 1352 victores
711 1308 800 1364 agunt
816 1303 867 1353 llos

92 1371 138 1429 ira,
148 1373 240 1431 odium,
257 1372 360 1420 ultionis
371 1371 494 1433 cupiditas
504 1372 534 1420 ad
546 1372 664 1421 virtutem
677 1370 792 1421 accendit
807 1387 814 1419 :
829 1371 868 1423 illi

91 1457 135 1506 per
148 1443 277 1493 lastidium
286 1449 312 1491 et
324 1443 505 1492 contumaciam
516 1445 658 1493 hebescunt·
672 1441 772 1505 aperiet
783 1448 811 1493 et
824 1457 867 1493 re-

91 1515 174 1564 cludet
187 1519 296 1563 contecta
310 1519 336 1563 et
349 1514 511 1563 tumescentia
527 1514 669 1565 victricium
682 1512 796 1575 partium
808 1515 869 1564 vul-

89 1598 151 1633 nera
160 1585 253 1634 bellum
265 1587 347 1647 ipsum
358 1587 405 1651 (9);
417 1601 462 1635 nec
471 1585 534 1633 mihi
544 1585 623 1647 maj0r
631 1584 658 1632 in
667 1589 710 1634 tua
718 1583 867 1646 vigilantia,

89 1654 253 1718 parcimonia,
268 1657 396 1719 sapientia,
412 1656 501 1705 fiducia
510 1662 546 1703 est
557 1668 630 1715 quam
640 1655 666 1702 in
674 1653 768 1703 vitellii
778 1660 868 1720 torpo-

89 1737 127 1782 re,
138 1724 246 1784 inscitia,
256 1727 359 1775 saeritia.
372 1727 417 1775 Sed
427 1724 556 1774 meliorem
568 1725 594 1772 in
604 1724 668 1774 hello
676 1737 778 1773 causam
787 1740 868 1790 quam

90 1794 117 1842 in
127 1808 186 1857 pace
199 1796 336 1846 hahemus:
350 1810 407 1845 nam
420 1795 464 1856 qui
481 1794 626 1853 deliberant,
637 1794 806 1846 desciverunt.

91 1954 186 1998 ‹d'aroir
194 1954 285 2010 minage
293 1967 318 1998 ce
328 1955 459 1997 citharede.»
486 1967 536 2010 pac
552 1954 647 2012 imperii
660 1953 730 2005 aller,
741 1954 814 2010 Titne,
824 1955 866 2014 aga

89 2040 117 2050 -
125 2017 144 2060 l.
156 2017 208 2065 Alae,
224 2017 256 2060 les
266 2017 338 2068 ahiem
349 2017 460 2069 cohortes,
488 2018 515 2060 de
524 2017 550 2060 27
560 2031 606 2060 ans.
617 2016 698 2060 Tribuu
706 2027 734 2059 cu
744 2016 865 2065 Germanic

90 2080 122 2121 les
141 2078 251 2130 Romaim,
269 2078 291 2121 la
309 2078 389 2133 le'gion.
399 2103 426 2111 -
438 2081 458 2122 5.
488 2086 509 2122 et
519 2093 546 2122 en
559 2079 676 2134 Bretague,
688 2078 703 2121 il
716 2081 778 2124 avait
791 2083 865 2138 gagud

89 2139 165 2182 Valens
183 2145 206 2182 et
227 2139 311 2190 cecina,
330 2139 362 2182 les
379 2141 461 2194 princi·
486 2141 631 2184 l'admiralion
645 2141 672 2184 da
688 2152 723 2184 ses
736 2141 865 2190 chelullu-

90 2201 214 2255 pauxchels
231 2201 346 2243 militaires
360 2201 389 2244 du
403 2203 459 2257 parti
486 2203 561 2247 cianus
579 2203 676 2258 rappelle
685 2202 719 2245 les
728 2208 822 2260 uoupes
835 2207 863 2251 de

89 2262 116 2304 de
126 2261 232 2305 Vitellius.
247 2285 273 2294 -
282 2263 302 2306 6.
320 2262 379 2314 Quia
392 2276 461 2307 aemu-
486 2263 607 2314 Germanic,
622 2276 686 2319 parca
699 2276 753 2320 que,
764 2266 821 2311 daus
837 2281 863 2312 ce

90 2321 138 2364 lum
156 2334 202 2364 non
221 2322 342 2376 reperiris.
362 2323 418 2366 hans
439 2325 460 2367 le
487 2332 591 2376 moment,
599 2325 653 2368 elles
662 2325 746 2368 etaient
759 2339 819 2382 pour
828 2328 864 2373 u·

88 2384 179 2435 pertrait
188 2396 231 2438 que
244 2384 316 2427 Tacite
324 2385 364 2428 fait
375 2385 401 2427 de
414 2386 459 2428 llu-
487 2385 568 2428 tollius.
579 2410 605 2419 —
614 2387 634 2430 8.
647 2386 716 2439 Tuos,
725 2389 766 2443 qui
779 2394 804 2434 te
813 2396 865 2435 ocul

85 2442 171 2495 clauus,
187 2444 224 2487 liv.
245 2443 261 2496 l,
284 2445 318 2488 ch.
338 2447 372 2499 lll,
392 2447 407 2489 il
427 2447 459 2490 dit
487 2447 587 2491 (levones.
604 2448 810 2505 -9.Aperietet
826 2465 864 2498 re·

87 2513 150 2549 entre
159 2511 234 2549 autres
242 2507 404 2563 choses:(Vir)
419 2509 458 2552 cui
485 2509 564 2552 cludet
597 2513 727 2553 coniectu„
756 2513 864 2558 culmo

87 2569 218 2624 expeditius
226 2570 300 2623 suerit
312 2570 406 2615 trudere
416 2573 458 2615 im·
486 2571 571 2613 bellum
587 2571 679 2627 ipsum:
698 2572 814 2619 imitation
835 2576 862 2621 da

84 2631 179 2686 perium
197 2643 267 2686 quam
283 2633 398 2683 obtinere,
422 2635 457 2677 «il
486 2644 521 2674 ces
535 2639 590 2674 mols
600 2633 627 2675 dc
641 2632 794 2687 Demosthene,
807 2637 863 2682 dunc

87 2689 139 2734 eluit
160 2692 248 2735 homme
270 2692 282 2735 h
301 2699 390 2736 trouver
408 2695 457 2750 plus
486 2693 505 2735 la
515 2693 545 2736 1¹·
555 2694 711 2750 Philippique,
721 2697 735 2749 Β
745 2696 785 2740 ll:
796 2704 862 2758 Mai·

87 2753 199 2796 commoda
216 2754 244 2795 da
258 2753 342 2796 donner
357 2755 456 2810 l'empire
485 2773 514 2798 σιι
525 2764 550 2797 τὰ
559 2760 620 2813 σαθρὰ
633 2763 668 2798 τῶν
678 2763 750 2802 luciaco
762 2770 861 2819 πραγμά-

83 2823 129 2869 qlle
137 2813 165 2858 de
180 2813 202 2857 ie
212 2813 298 2871 garder.
308 2830 318 2854 ι
335 2838 361 2847 -
377 2817 398 2858 7.
415 2816 457 2861 Ca·
484 2834 520 2858 rur
530 2823 587 2866 edric
597 2827 607 2860 ὁ
616 2822 705 2872 edituos·
