<?xml version="1.0" encoding="UTF-8"?>
<!DOCTYPE html PUBLIC "-//W3C//DTD XHTML 1.0 Transitional//EN"
    "http://www.w3.org/TR/xhtml1/DTD/xhtml1-transitional.dtd">
<html xmlns="http://www.w3.org/1999/xhtml" xml:lang="en" lang="en">
 <head>
  <title>
</title>
<meta http-equiv="Content-Type" content="text/html;charset=utf-8" />
  <meta name='ocr-system' content='tesseract 3.04.00' />
  <meta name='ocr-capabilities' content='ocr_page ocr_carea ocr_par ocr_line ocrx_word'/>
</head>
<body>
  <div class='ocr_page' id='page_1' title='image "./concionessiveor00unkngoog_0420.png"; bbox 0 0 1904 3216; ppageno 0'>
   <div class='ocr_carea' id='block_1_1' title="bbox 251 200 863 258">
    <p class='ocr_par' dir='ltr' id='par_1_1' title="bbox 251 200 863 258">
     <span class='ocr_line' id='line_1_1' title="bbox 251 200 863 258; baseline -0.013 0"><span class='ocrx_word' id='word_1_1' title='bbox 251 209 288 258; x_wconf 78' lang='lat' dir='ltr'>EX</span> <span class='ocrx_word' id='word_1_2' title='bbox 306 207 399 257; x_wconf 78' lang='lat' dir='ltr'>rtem</span> <span class='ocrx_word' id='word_1_3' title='bbox 415 200 561 257; x_wconf 65' lang='grc' dir='ltr'>ΙΝΧΙῊΙΙΙ</span> <span class='ocrx_word' id='word_1_4' title='bbox 578 203 665 255; x_wconf 78' lang='lat' dir='ltr'>uano</span> <span class='ocrx_word' id='word_1_5' title='bbox 681 203 701 253; x_wconf 87' lang='lat'>1.</span> <span class='ocrx_word' id='word_1_6' title='bbox 816 202 863 251; x_wconf 62' lang='lat'>123</span> 
     </span>
    </p>
   </div>
   <div class='ocr_carea' id='block_1_2' title="bbox 87 314 865 1998">
    <p class='ocr_par' dir='ltr' id='par_1_2' title="bbox 87 314 865 1998">
     <span class='ocr_line' id='line_1_2' title="bbox 123 314 862 379; baseline -0.007 -12"><span class='ocrx_word' id='word_1_7' title='bbox 123 319 173 368; x_wconf 83' lang='grc' dir='ltr'><strong>ΙΙοιι</strong></span> <span class='ocrx_word' id='word_1_8' title='bbox 183 316 244 366; x_wconf 89' lang='lat' dir='ltr'>mihi</span> <span class='ocrx_word' id='word_1_9' title='bbox 260 332 331 376; x_wconf 84' lang='lat' dir='ltr'><strong>uxor,</strong></span> <span class='ocrx_word' id='word_1_10' title='bbox 346 325 387 365; x_wconf 86' lang='lat' dir='ltr'>aut</span> <span class='ocrx_word' id='word_1_11' title='bbox 397 318 474 374; x_wconf 86' lang='lat' dir='ltr'><strong>iiiius,</strong></span> <span class='ocrx_word' id='word_1_12' title='bbox 493 320 565 379; x_wconf 70' lang='lat' dir='ltr'>pam</span> <span class='ocrx_word' id='word_1_13' title='bbox 578 323 602 364; x_wconf 88' lang='lat' dir='ltr'>et</span> <span class='ocrx_word' id='word_1_14' title='bbox 619 315 743 376; x_wconf 76' lang='lat' dir='ltr'><strong>republica</strong></span> <span class='ocrx_word' id='word_1_15' title='bbox 753 314 862 363; x_wconf 85' lang='lat' dir='ltr'>cariores</span> 
     </span>
     <span class='ocr_line' id='line_1_3' title="bbox 90 386 861 450; baseline -0.006 -12"><span class='ocrx_word' id='word_1_16' title='bbox 90 397 163 444; x_wconf 89' lang='lat' dir='ltr'>sunt;</span> <span class='ocrx_word' id='word_1_17' title='bbox 174 390 217 438; x_wconf 86' lang='lat' dir='ltr'>sed</span> <span class='ocrx_word' id='word_1_18' title='bbox 228 389 299 438; x_wconf 86' lang='lat' dir='ltr'><strong>iilum</strong></span> <span class='ocrx_word' id='word_1_19' title='bbox 316 389 415 450; x_wconf 84' lang='lat' dir='ltr'><strong>quidem</strong></span> <span class='ocrx_word' id='word_1_20' title='bbox 426 401 469 436; x_wconf 86' lang='lat' dir='ltr'>sua</span> <span class='ocrx_word' id='word_1_21' title='bbox 485 387 609 448; x_wconf 69' lang='lat' dir='ltr'>majestat,</span> <span class='ocrx_word' id='word_1_22' title='bbox 619 386 753 447; x_wconf 87' lang='lat' dir='ltr'>imperium</span> <span class='ocrx_word' id='word_1_23' title='bbox 771 386 861 433; x_wconf 81' lang='lat' dir='ltr'><strong>Ruma-</strong></span> 
     </span>
     <span class='ocr_line' id='line_1_4' title="bbox 90 454 862 518; baseline -0.004 -12"><span class='ocrx_word' id='word_1_24' title='bbox 90 473 152 508; x_wconf 89' lang='lat' dir='ltr'>num</span> <span class='ocrx_word' id='word_1_25' title='bbox 168 459 243 507; x_wconf 83' lang='lat' dir='ltr'>ceteri</span> <span class='ocrx_word' id='word_1_26' title='bbox 263 459 387 507; x_wconf 82' lang='lat' dir='ltr'>exercitus</span> <span class='ocrx_word' id='word_1_27' title='bbox 406 458 558 507; x_wconf 79' lang='lat' dir='ltr'>defendent:</span> <span class='ocrx_word' id='word_1_28' title='bbox 577 456 708 518; x_wconf 66' lang='lat' dir='ltr'>conjugem</span> <span class='ocrx_word' id='word_1_29' title='bbox 724 463 749 503; x_wconf 89' lang='lat' dir='ltr'>et</span> <span class='ocrx_word' id='word_1_30' title='bbox 770 454 862 503; x_wconf 87' lang='lat' dir='ltr'>liberos</span> 
     </span>
     <span class='ocr_line' id='line_1_5' title="bbox 90 525 858 591; baseline -0.004 -15"><span class='ocrx_word' id='word_1_31' title='bbox 90 544 167 585; x_wconf 84' lang='lat' dir='ltr'><strong>meos,</strong></span> <span class='ocrx_word' id='word_1_32' title='bbox 178 544 240 590; x_wconf 83' lang='lat' dir='ltr'><strong>quos</strong></span> <span class='ocrx_word' id='word_1_33' title='bbox 248 543 293 591; x_wconf 83' lang='lat' dir='ltr'>pro</span> <span class='ocrx_word' id='word_1_34' title='bbox 305 528 471 589; x_wconf 81' lang='lat' dir='ltr'>gloriarestra</span> <span class='ocrx_word' id='word_1_35' title='bbox 480 528 559 577; x_wconf 89' lang='lat' dir='ltr'>libens</span> <span class='ocrx_word' id='word_1_36' title='bbox 569 527 600 576; x_wconf 88' lang='lat' dir='ltr'>ad</span> <span class='ocrx_word' id='word_1_37' title='bbox 615 525 717 575; x_wconf 54' lang='lat' dir='ltr'>exitium</span> <span class='ocrx_word' id='word_1_38' title='bbox 732 525 858 583; x_wconf 84' lang='lat' dir='ltr'>oiierrem,</span> 
     </span>
     <span class='ocr_line' id='line_1_6' title="bbox 90 590 862 662; baseline -0.001 -15"><span class='ocrx_word' id='word_1_39' title='bbox 90 613 157 649; x_wconf 88' lang='lat' dir='ltr'>nunc</span> <span class='ocrx_word' id='word_1_40' title='bbox 170 600 256 662; x_wconf 84' lang='lat' dir='ltr'><strong>procui</strong></span> <span class='ocrx_word' id='word_1_41' title='bbox 270 612 284 646; x_wconf 89' lang='lat' dir='ltr'>a</span> <span class='ocrx_word' id='word_1_42' title='bbox 298 599 439 649; x_wconf 84' lang='lat' dir='ltr'>furentibus</span> <span class='ocrx_word' id='word_1_43' title='bbox 448 610 600 653; x_wconf 81' lang='lat' dir='ltr'><strong>summoveo,</strong></span> <span class='ocrx_word' id='word_1_44' title='bbox 616 603 653 654; x_wconf 91' lang='lat' dir='ltr'>ut,</span> <span class='ocrx_word' id='word_1_45' title='bbox 667 590 789 658; x_wconf 73' lang='lat' dir='ltr'><strong>quidquid</strong></span> <span class='ocrx_word' id='word_1_46' title='bbox 797 596 862 646; x_wconf 72' lang='lat' dir='ltr'>istut</span> 
     </span>
     <span class='ocr_line' id='line_1_7' title="bbox 90 665 863 732; baseline -0.004 -14"><span class='ocrx_word' id='word_1_47' title='bbox 90 669 232 732; x_wconf 68' lang='lat' dir='ltr'>scelerisii)</span> <span class='ocrx_word' id='word_1_48' title='bbox 242 669 365 726; x_wconf 78' lang='lat' dir='ltr'>imminet,</span> <span class='ocrx_word' id='word_1_49' title='bbox 375 682 431 716; x_wconf 87' lang='lat' dir='ltr'>meo</span> <span class='ocrx_word' id='word_1_50' title='bbox 439 675 536 716; x_wconf 82' lang='lat' dir='ltr'>tantum</span> <span class='ocrx_word' id='word_1_51' title='bbox 554 666 673 727; x_wconf 70' lang='lat' dir='ltr'>sanguiue</span> <span class='ocrx_word' id='word_1_52' title='bbox 688 665 787 728; x_wconf 63' lang='lat' dir='ltr'><strong>piem</strong></span> <span class='ocrx_word' id='word_1_53' title='bbox 798 678 863 715; x_wconf 84' lang='lat' dir='ltr'>neve</span> 
     </span>
     <span class='ocr_line' id='line_1_8' title="bbox 90 737 861 802; baseline -0.004 -13"><span class='ocrx_word' id='word_1_54' title='bbox 90 741 186 790; x_wconf 90' lang='lat' dir='ltr'><strong>occisus</strong></span> <span class='ocrx_word' id='word_1_55' title='bbox 195 740 299 801; x_wconf 74' lang='lat' dir='ltr'><strong>Augusti</strong></span> <span class='ocrx_word' id='word_1_56' title='bbox 308 753 438 802; x_wconf 80' lang='lat' dir='ltr'>pronepos,</span> <span class='ocrx_word' id='word_1_57' title='bbox 456 739 585 787; x_wconf 81' lang='lat' dir='ltr'>interiecta</span> <span class='ocrx_word' id='word_1_58' title='bbox 596 737 688 786; x_wconf 78' lang='lat' dir='ltr'>Tiberii</span> <span class='ocrx_word' id='word_1_59' title='bbox 706 746 794 796; x_wconf 70' lang='lat' dir='ltr'>nurus,</span> <span class='ocrx_word' id='word_1_60' title='bbox 806 749 861 786; x_wconf 80' lang='lat' dir='ltr'>no-</span> 
     </span>
     <span class='ocr_line' id='line_1_9' title="bbox 90 804 862 870; baseline -0.006 -10"><span class='ocrx_word' id='word_1_61' title='bbox 90 811 261 860; x_wconf 74' lang='lat' dir='ltr'>certioresvos</span> <span class='ocrx_word' id='word_1_62' title='bbox 269 810 349 859; x_wconf 82' lang='lat' dir='ltr'>iaciat.</span> <span class='ocrx_word' id='word_1_63' title='bbox 360 809 495 866; x_wconf 85' lang='lat' dir='ltr'><strong>Quidenim</strong></span> <span class='ocrx_word' id='word_1_64' title='bbox 503 822 548 870; x_wconf 86' lang='lat' dir='ltr'>per</span> <span class='ocrx_word' id='word_1_65' title='bbox 555 808 599 856; x_wconf 88' lang='lat' dir='ltr'>hos</span> <span class='ocrx_word' id='word_1_66' title='bbox 607 807 658 856; x_wconf 85' lang='lat' dir='ltr'>dies</span> <span class='ocrx_word' id='word_1_67' title='bbox 666 807 782 856; x_wconf 87' lang='lat' dir='ltr'>inausum</span> <span class='ocrx_word' id='word_1_68' title='bbox 794 804 862 856; x_wconf 54' lang='lat' dir='ltr'>inb</span> 
     </span>
     <span class='ocr_line' id='line_1_10' title="bbox 89 877 862 935; baseline -0.006 -4"><span class='ocrx_word' id='word_1_69' title='bbox 89 890 242 931; x_wconf 79' lang='lat' dir='ltr'>meratumre</span> <span class='ocrx_word' id='word_1_70' title='bbox 250 881 331 929; x_wconf 77' lang='lat' dir='ltr'>vobis?</span> <span class='ocrx_word' id='word_1_71' title='bbox 339 880 408 935; x_wconf 85' lang='lat' dir='ltr'><strong>Quod</strong></span> <span class='ocrx_word' id='word_1_72' title='bbox 419 893 507 928; x_wconf 86' lang='lat' dir='ltr'>nomen</span> <span class='ocrx_word' id='word_1_73' title='bbox 518 878 578 927; x_wconf 88' lang='lat' dir='ltr'><strong>huic</strong></span> <span class='ocrx_word' id='word_1_74' title='bbox 586 878 661 926; x_wconf 87' lang='lat' dir='ltr'><strong>coetui</strong></span> <span class='ocrx_word' id='word_1_75' title='bbox 670 878 748 926; x_wconf 77' lang='lat' dir='ltr'>daho?</span> <span class='ocrx_word' id='word_1_76' title='bbox 756 877 862 926; x_wconf 72' lang='lat' dir='ltr'>milites·</span> 
     </span>
     <span class='ocr_line' id='line_1_11' title="bbox 89 948 861 1015; baseline -0.003 -15"><span class='ocrx_word' id='word_1_77' title='bbox 89 965 121 1000; x_wconf 91' lang='lat' dir='ltr'>ne</span> <span class='ocrx_word' id='word_1_78' title='bbox 127 951 266 1014; x_wconf 75' lang='lat' dir='ltr'>appellem?</span> <span class='ocrx_word' id='word_1_79' title='bbox 276 951 404 1015; x_wconf 84' lang='lat' dir='ltr'><strong>quiiiiium</strong></span> <span class='ocrx_word' id='word_1_80' title='bbox 414 949 573 1012; x_wconf 84' lang='lat' dir='ltr'>imperatoris</span> <span class='ocrx_word' id='word_1_81' title='bbox 586 948 732 996; x_wconf 76' lang='lat' dir='ltr'>resturatio</span> <span class='ocrx_word' id='word_1_82' title='bbox 747 954 773 996; x_wconf 86' lang='lat' dir='ltr'>et</span> <span class='ocrx_word' id='word_1_83' title='bbox 784 949 861 998; x_wconf 79' lang='lat' dir='ltr'>armis</span> 
     </span>
     <span class='ocr_line' id='line_1_12' title="bbox 89 1019 864 1084; baseline -0.004 -12"><span class='ocrx_word' id='word_1_84' title='bbox 89 1021 301 1072; x_wconf 65' lang='lat' dir='ltr'>circumsedietis‘?</span> <span class='ocrx_word' id='word_1_85' title='bbox 313 1035 344 1070; x_wconf 88' lang='lat' dir='ltr'>an</span> <span class='ocrx_word' id='word_1_86' title='bbox 360 1020 443 1068; x_wconf 75' lang='lat' dir='ltr'><strong>cives?</strong></span> <span class='ocrx_word' id='word_1_87' title='bbox 454 1019 545 1084; x_wconf 87' lang='lat' dir='ltr'><strong>quibus</strong></span> <span class='ocrx_word' id='word_1_88' title='bbox 563 1024 613 1066; x_wconf 87' lang='lat' dir='ltr'>tam</span> <span class='ocrx_word' id='word_1_89' title='bbox 635 1019 740 1079; x_wconf 82' lang='lat' dir='ltr'>projecta</span> <span class='ocrx_word' id='word_1_90' title='bbox 760 1024 864 1069; x_wconf 79' lang='lat' dir='ltr'>senatus</span> 
     </span>
     <span class='ocr_line' id='line_1_13' title="bbox 89 1087 862 1152; baseline -0.006 -10"><span class='ocrx_word' id='word_1_91' title='bbox 89 1093 243 1142; x_wconf 69' lang='lat' dir='ltr'>auctoritas?</span> <span class='ocrx_word' id='word_1_92' title='bbox 255 1092 363 1140; x_wconf 85' lang='lat' dir='ltr'>hostium</span> <span class='ocrx_word' id='word_1_93' title='bbox 378 1104 478 1152; x_wconf 85' lang='lat' dir='ltr'><strong>quoque</strong></span> <span class='ocrx_word' id='word_1_94' title='bbox 488 1090 540 1152; x_wconf 78' lang='lat' dir='ltr'><strong>jus,</strong></span> <span class='ocrx_word' id='word_1_95' title='bbox 558 1096 583 1137; x_wconf 87' lang='lat' dir='ltr'>et</span> <span class='ocrx_word' id='word_1_96' title='bbox 592 1101 661 1136; x_wconf 87' lang='lat' dir='ltr'>sacra</span> <span class='ocrx_word' id='word_1_97' title='bbox 676 1087 814 1148; x_wconf 74' lang='lat' dir='ltr'>legationis,</span> <span class='ocrx_word' id='word_1_98' title='bbox 836 1095 862 1137; x_wconf 90' lang='lat' dir='ltr'>et</span> 
     </span>
     <span class='ocr_line' id='line_1_14' title="bbox 89 1158 863 1227; baseline -0.004 -16"><span class='ocrx_word' id='word_1_99' title='bbox 89 1162 125 1211; x_wconf 83' lang='lat' dir='ltr'>ias</span> <span class='ocrx_word' id='word_1_100' title='bbox 141 1164 254 1224; x_wconf 82' lang='lat' dir='ltr'>gentium</span> <span class='ocrx_word' id='word_1_101' title='bbox 268 1163 381 1227; x_wconf 74' lang='lat' dir='ltr'>rupistis.</span> <span class='ocrx_word' id='word_1_102' title='bbox 401 1161 475 1210; x_wconf 80' lang='lat' dir='ltr'><strong>Divus</strong></span> <span class='ocrx_word' id='word_1_103' title='bbox 487 1160 568 1209; x_wconf 79' lang='lat' dir='ltr'><strong>Julius</strong></span> <span class='ocrx_word' id='word_1_104' title='bbox 582 1158 728 1208; x_wconf 79' lang='lat' dir='ltr'>seditionem</span> <span class='ocrx_word' id='word_1_105' title='bbox 741 1159 863 1209; x_wconf 75' lang='lat' dir='ltr'><strong>exercitus</strong></span> 
     </span>
     <span class='ocr_line' id='line_1_15' title="bbox 89 1229 860 1294; baseline -0.004 -13"><span class='ocrx_word' id='word_1_106' title='bbox 89 1234 164 1281; x_wconf 75' lang='lat' dir='ltr'>verbo</span> <span class='ocrx_word' id='word_1_107' title='bbox 177 1247 227 1281; x_wconf 89' lang='lat' dir='ltr'>uno</span> <span class='ocrx_word' id='word_1_108' title='bbox 242 1232 403 1294; x_wconf 76' lang='lat' dir='ltr'><strong>compescuit,</strong></span> <span class='ocrx_word' id='word_1_109' title='bbox 419 1230 527 1292; x_wconf 76' lang='lat' dir='ltr'>Quirites</span> <span class='ocrx_word' id='word_1_110' title='bbox 545 1230 653 1278; x_wconf 79' lang='lat' dir='ltr'>vocando</span> <span class='ocrx_word' id='word_1_111' title='bbox 663 1229 706 1291; x_wconf 91' lang='lat' dir='ltr'>qui</span> <span class='ocrx_word' id='word_1_112' title='bbox 717 1242 860 1278; x_wconf 87' lang='lat' dir='ltr'>sacramen-</span> 
     </span>
     <span class='ocr_line' id='line_1_16' title="bbox 89 1299 861 1364; baseline -0.001 -14"><span class='ocrx_word' id='word_1_113' title='bbox 89 1309 145 1352; x_wconf 88' lang='lat' dir='ltr'>tum</span> <span class='ocrx_word' id='word_1_114' title='bbox 159 1303 212 1364; x_wconf 87' lang='lat' dir='ltr'><strong>ejus</strong></span> <span class='ocrx_word' id='word_1_115' title='bbox 226 1302 413 1351; x_wconf 83' lang='lat' dir='ltr'>detrectabant:</span> <span class='ocrx_word' id='word_1_116' title='bbox 435 1300 505 1348; x_wconf 82' lang='lat' dir='ltr'><strong>dirus</strong></span> <span class='ocrx_word' id='word_1_117' title='bbox 527 1302 651 1360; x_wconf 73' lang='lat' dir='ltr'>tugristus</span> <span class='ocrx_word' id='word_1_118' title='bbox 674 1299 747 1347; x_wconf 83' lang='lat' dir='ltr'>ruitu</span> <span class='ocrx_word' id='word_1_119' title='bbox 769 1305 794 1346; x_wconf 86' lang='lat' dir='ltr'>et</span> <span class='ocrx_word' id='word_1_120' title='bbox 818 1313 861 1349; x_wconf 83' lang='lat' dir='ltr'>as-</span> 
     </span>
     <span class='ocr_line' id='line_1_17' title="bbox 88 1369 862 1436; baseline -0.004 -15"><span class='ocrx_word' id='word_1_121' title='bbox 88 1380 161 1436; x_wconf 86' lang='lat' dir='ltr'><strong>pectu</strong></span> <span class='ocrx_word' id='word_1_122' title='bbox 175 1371 208 1434; x_wconf 73' lang='lat'>(2)</span> <span class='ocrx_word' id='word_1_123' title='bbox 223 1373 330 1420; x_wconf 77' lang='lat' dir='ltr'>Actiacas</span> <span class='ocrx_word' id='word_1_124' title='bbox 350 1371 460 1431; x_wconf 72' lang='lat' dir='ltr'><strong>legiones</strong></span> <span class='ocrx_word' id='word_1_125' title='bbox 479 1369 619 1419; x_wconf 82' lang='lat' dir='ltr'>exterruit:</span> <span class='ocrx_word' id='word_1_126' title='bbox 639 1382 694 1429; x_wconf 89' lang='lat' dir='ltr'>nos,</span> <span class='ocrx_word' id='word_1_127' title='bbox 706 1375 736 1418; x_wconf 88' lang='lat' dir='ltr'>ut</span> <span class='ocrx_word' id='word_1_128' title='bbox 750 1370 862 1418; x_wconf 88' lang='lat' dir='ltr'><strong>noudum</strong></span> 
     </span>
     <span class='ocr_line' id='line_1_18' title="bbox 88 1438 861 1502; baseline -0.003 -12"><span class='ocrx_word' id='word_1_129' title='bbox 88 1441 196 1493; x_wconf 84' lang='lat' dir='ltr'>eosdem.</span> <span class='ocrx_word' id='word_1_130' title='bbox 214 1441 246 1490; x_wconf 84' lang='lat' dir='ltr'>ita</span> <span class='ocrx_word' id='word_1_131' title='bbox 271 1455 300 1488; x_wconf 84' lang='lat' dir='ltr'>ex</span> <span class='ocrx_word' id='word_1_132' title='bbox 321 1440 370 1488; x_wconf 82' lang='lat' dir='ltr'>itus</span> <span class='ocrx_word' id='word_1_133' title='bbox 388 1445 465 1496; x_wconf 84' lang='lat' dir='ltr'>ortos,</span> <span class='ocrx_word' id='word_1_134' title='bbox 481 1439 503 1487; x_wconf 84' lang='lat' dir='ltr'>si</span> <span class='ocrx_word' id='word_1_135' title='bbox 524 1439 646 1501; x_wconf 85' lang='lat' dir='ltr'>Hispaniae</span> <span class='ocrx_word' id='word_1_136' title='bbox 665 1438 769 1502; x_wconf 74' lang='lat' dir='ltr'>syriaeve</span> <span class='ocrx_word' id='word_1_137' title='bbox 788 1439 861 1489; x_wconf 73' lang='lat' dir='ltr'>miles</span> 
     </span>
     <span class='ocr_line' id='line_1_19' title="bbox 89 1503 865 1575; baseline -0.01 -15"><span class='ocrx_word' id='word_1_138' title='bbox 89 1519 272 1575; x_wconf 79' lang='lat' dir='ltr'>aspernaretur.</span> <span class='ocrx_word' id='word_1_139' title='bbox 293 1518 376 1559; x_wconf 85' lang='lat' dir='ltr'>tamen</span> <span class='ocrx_word' id='word_1_140' title='bbox 393 1510 487 1559; x_wconf 86' lang='lat' dir='ltr'><strong>mirum</strong></span> <span class='ocrx_word' id='word_1_141' title='bbox 501 1515 525 1558; x_wconf 90' lang='lat' dir='ltr'>et</span> <span class='ocrx_word' id='word_1_142' title='bbox 546 1509 679 1571; x_wconf 74' lang='lat' dir='ltr'>indiguum</span> <span class='ocrx_word' id='word_1_143' title='bbox 695 1515 757 1559; x_wconf 86' lang='lat' dir='ltr'>erat.</span> <span class='ocrx_word' id='word_1_144' title='bbox 773 1503 865 1556; x_wconf 83' lang='lat' dir='ltr'>Prima·</span> 
     </span>
     <span class='ocr_line' id='line_1_20' title="bbox 88 1580 861 1644; baseline 0 -13"><span class='ocrx_word' id='word_1_145' title='bbox 88 1596 120 1632; x_wconf 90' lang='lat' dir='ltr'>ne</span> <span class='ocrx_word' id='word_1_146' title='bbox 135 1590 160 1633; x_wconf 86' lang='lat' dir='ltr'>et</span> <span class='ocrx_word' id='word_1_147' title='bbox 170 1583 283 1632; x_wconf 82' lang='lat' dir='ltr'><strong>vicesima</strong></span> <span class='ocrx_word' id='word_1_148' title='bbox 291 1582 411 1642; x_wconf 77' lang='lat' dir='ltr'>legiones,</span> <span class='ocrx_word' id='word_1_149' title='bbox 426 1580 469 1631; x_wconf 90' lang='lat' dir='ltr'>illa</span> <span class='ocrx_word' id='word_1_150' title='bbox 483 1581 562 1642; x_wconf 84' lang='lat' dir='ltr'><strong>siguis</strong></span> <span class='ocrx_word' id='word_1_151' title='bbox 571 1595 585 1629; x_wconf 88' lang='lat' dir='ltr'>a</span> <span class='ocrx_word' id='word_1_152' title='bbox 594 1581 692 1630; x_wconf 81' lang='lat' dir='ltr'>Tiberio</span> <span class='ocrx_word' id='word_1_153' title='bbox 702 1583 817 1644; x_wconf 82' lang='lat' dir='ltr'><strong>acceptis,</strong></span> <span class='ocrx_word' id='word_1_154' title='bbox 832 1587 861 1631; x_wconf 86' lang='lat' dir='ltr'>tu</span> 
     </span>
     <span class='ocr_line' id='line_1_21' title="bbox 88 1650 860 1716; baseline -0.001 -15"><span class='ocrx_word' id='word_1_155' title='bbox 88 1658 126 1703; x_wconf 87' lang='lat' dir='ltr'>tot</span> <span class='ocrx_word' id='word_1_156' title='bbox 139 1653 285 1716; x_wconf 84' lang='lat' dir='ltr'>proeiiorum</span> <span class='ocrx_word' id='word_1_157' title='bbox 301 1652 376 1711; x_wconf 86' lang='lat' dir='ltr'><strong>socia,</strong></span> <span class='ocrx_word' id='word_1_158' title='bbox 389 1660 424 1701; x_wconf 88' lang='lat' dir='ltr'>tot</span> <span class='ocrx_word' id='word_1_159' title='bbox 442 1651 552 1714; x_wconf 86' lang='lat' dir='ltr'>praemiis</span> <span class='ocrx_word' id='word_1_160' title='bbox 566 1658 646 1710; x_wconf 75' lang='lat' dir='ltr'>aucta,</span> <span class='ocrx_word' id='word_1_161' title='bbox 656 1652 786 1714; x_wconf 81' lang='lat' dir='ltr'>ogregiam</span> <span class='ocrx_word' id='word_1_162' title='bbox 802 1650 860 1700; x_wconf 91' lang='lat' dir='ltr'><strong>duci</strong></span> 
     </span>
     <span class='ocr_line' id='line_1_22' title="bbox 87 1721 861 1790; baseline -0.004 -18"><span class='ocrx_word' id='word_1_163' title='bbox 87 1723 207 1786; x_wconf 69' lang='lat' dir='ltr'>testroiii</span> <span class='ocrx_word' id='word_1_164' title='bbox 217 1724 324 1785; x_wconf 80' lang='lat' dir='ltr'>gratiam</span> <span class='ocrx_word' id='word_1_165' title='bbox 334 1724 433 1790; x_wconf 79' lang='lat' dir='ltr'>refertis</span> <span class='ocrx_word' id='word_1_166' title='bbox 443 1723 448 1769; x_wconf 94' lang='grc' dir='ltr'><strong>Ι</strong></span> <span class='ocrx_word' id='word_1_167' title='bbox 462 1723 529 1770; x_wconf 87' lang='lat' dir='ltr'><strong>iiuuc</strong></span> <span class='ocrx_word' id='word_1_168' title='bbox 545 1735 591 1781; x_wconf 77' lang='lat' dir='ltr'>ego</span> <span class='ocrx_word' id='word_1_169' title='bbox 600 1725 721 1770; x_wconf 88' lang='lat' dir='ltr'>nuncium</span> <span class='ocrx_word' id='word_1_170' title='bbox 731 1721 796 1784; x_wconf 84' lang='lat' dir='ltr'>patri</span> <span class='ocrx_word' id='word_1_171' title='bbox 805 1722 861 1770; x_wconf 86' lang='lat' dir='ltr'>laeta</span> 
     </span>
     <span class='ocr_line' id='line_1_23' title="bbox 88 1793 859 1861; baseline -0.009 -14"><span class='ocrx_word' id='word_1_172' title='bbox 88 1798 170 1847; x_wconf 86' lang='lat' dir='ltr'>omnia</span> <span class='ocrx_word' id='word_1_173' title='bbox 184 1798 239 1847; x_wconf 86' lang='lat' dir='ltr'>aliis</span> <span class='ocrx_word' id='word_1_174' title='bbox 254 1813 268 1848; x_wconf 89' lang='lat' dir='ltr'><strong>e</strong></span> <span class='ocrx_word' id='word_1_175' title='bbox 280 1797 414 1861; x_wconf 84' lang='lat' dir='ltr'>provinciis</span> <span class='ocrx_word' id='word_1_176' title='bbox 428 1795 538 1844; x_wconf 84' lang='lat' dir='ltr'>audienti</span> <span class='ocrx_word' id='word_1_177' title='bbox 556 1794 654 1842; x_wconf 75' lang='lat' dir='ltr'>teram?</span> <span class='ocrx_word' id='word_1_178' title='bbox 667 1794 745 1856; x_wconf 82' lang='lat' dir='ltr'><strong>ipsius</strong></span> <span class='ocrx_word' id='word_1_179' title='bbox 756 1793 859 1847; x_wconf 85' lang='lat' dir='ltr'>tirones,</span> 
     </span>
     <span class='ocr_line' id='line_1_24' title="bbox 88 1864 861 1931; baseline -0.008 -13"><span class='ocrx_word' id='word_1_180' title='bbox 88 1869 168 1931; x_wconf 90' lang='lat' dir='ltr'><strong>ipsius</strong></span> <span class='ocrx_word' id='word_1_181' title='bbox 180 1875 309 1918; x_wconf 81' lang='lat' dir='ltr'>veteranos</span> <span class='ocrx_word' id='word_1_182' title='bbox 320 1881 370 1917; x_wconf 84' lang='lat' dir='ltr'>non</span> <span class='ocrx_word' id='word_1_183' title='bbox 383 1867 507 1921; x_wconf 86' lang='lat' dir='ltr'>missione,</span> <span class='ocrx_word' id='word_1_184' title='bbox 515 1879 567 1914; x_wconf 88' lang='lat' dir='ltr'>uon</span> <span class='ocrx_word' id='word_1_185' title='bbox 579 1865 685 1928; x_wconf 86' lang='lat' dir='ltr'>pecunia</span> <span class='ocrx_word' id='word_1_186' title='bbox 698 1865 810 1922; x_wconf 87' lang='lat' dir='ltr'>satiatos;</span> <span class='ocrx_word' id='word_1_187' title='bbox 820 1864 861 1912; x_wconf 86' lang='lat' dir='ltr'>hic</span> 
     </span>
     <span class='ocr_line' id='line_1_25' title="bbox 88 1931 862 1998; baseline -0.013 -10"><span class='ocrx_word' id='word_1_188' title='bbox 88 1945 185 1989; x_wconf 86' lang='lat' dir='ltr'>tautum</span> <span class='ocrx_word' id='word_1_189' title='bbox 204 1937 313 1988; x_wconf 83' lang='lat' dir='ltr'>interfici</span> <span class='ocrx_word' id='word_1_190' title='bbox 333 1936 509 1993; x_wconf 85' lang='lat' dir='ltr'><strong>centuriones,</strong></span> <span class='ocrx_word' id='word_1_191' title='bbox 533 1935 591 1998; x_wconf 86' lang='lat' dir='ltr'><strong>ejici</strong></span> <span class='ocrx_word' id='word_1_192' title='bbox 616 1935 745 1990; x_wconf 87' lang='lat' dir='ltr'>tribunos,</span> <span class='ocrx_word' id='word_1_193' title='bbox 765 1931 862 1982; x_wconf 79' lang='lat' dir='ltr'><strong>includi</strong></span> 
     </span>
    </p>
   </div>
   <div class='ocr_carea' id='block_1_3' title="bbox 86 2145 864 2572">
    <p class='ocr_par' dir='ltr' id='par_1_3' title="bbox 86 2145 864 2572">
     <span class='ocr_line' id='line_1_26' title="bbox 87 2145 862 2202; baseline -0.005 -10"><span class='ocrx_word' id='word_1_194' title='bbox 87 2147 178 2192; x_wconf 68' lang='lat' dir='ltr'>Licino</span> <span class='ocrx_word' id='word_1_195' title='bbox 188 2148 242 2190; x_wconf 85' lang='lat' dir='ltr'>tient</span> <span class='ocrx_word' id='word_1_196' title='bbox 253 2146 272 2189; x_wconf 90' lang='grc' dir='ltr'>Ιι</span> <span class='ocrx_word' id='word_1_197' title='bbox 279 2147 340 2202; x_wconf 82' lang='lat' dir='ltr'>place</span> <span class='ocrx_word' id='word_1_198' title='bbox 347 2147 373 2189; x_wconf 82' lang='lat' dir='ltr'>de</span> <span class='ocrx_word' id='word_1_199' title='bbox 381 2147 406 2189; x_wconf 82' lang='lat' dir='ltr'>in</span> <span class='ocrx_word' id='word_1_200' title='bbox 415 2158 461 2190; x_wconf 78' lang='lat' dir='ltr'>voc.</span> <span class='ocrx_word' id='word_1_201' title='bbox 489 2146 584 2189; x_wconf 82' lang='lat' dir='ltr'>scelesta</span> <span class='ocrx_word' id='word_1_202' title='bbox 593 2148 677 2192; x_wconf 81' lang='lat' dir='ltr'>mater.</span> <span class='ocrx_word' id='word_1_203' title='bbox 688 2161 697 2182; x_wconf 78' lang='grc' dir='ltr'><strong>ι</strong></span> <span class='ocrx_word' id='word_1_204' title='bbox 707 2145 727 2187; x_wconf 85' lang='lat' dir='ltr'>la</span> <span class='ocrx_word' id='word_1_205' title='bbox 737 2145 796 2188; x_wconf 72' lang='lat' dir='ltr'>mere</span> <span class='ocrx_word' id='word_1_206' title='bbox 807 2147 862 2188; x_wconf 83' lang='lat' dir='ltr'>mai·</span> 
     </span>
     <span class='ocr_line' id='line_1_27' title="bbox 87 2208 861 2264; baseline -0.004 -11"><span class='ocrx_word' id='word_1_207' title='bbox 87 2210 115 2253; x_wconf 79' lang='lat' dir='ltr'>Le</span> <span class='ocrx_word' id='word_1_208' title='bbox 136 2221 227 2264; x_wconf 82' lang='lat' dir='ltr'>pronum</span> <span class='ocrx_word' id='word_1_209' title='bbox 250 2208 294 2251; x_wconf 77' lang='lat' dir='ltr'>iate</span> <span class='ocrx_word' id='word_1_210' title='bbox 313 2208 410 2264; x_wconf 82' lang='lat' dir='ltr'>exprime</span> <span class='ocrx_word' id='word_1_211' title='bbox 431 2219 461 2251; x_wconf 88' lang='lat' dir='ltr'>un</span> <span class='ocrx_word' id='word_1_212' title='bbox 489 2208 723 2262; x_wconf 55' lang='lat' dir='ltr'>heureusendrapper</span> <span class='ocrx_word' id='word_1_213' title='bbox 731 2208 757 2250; x_wconf 92' lang='lat' dir='ltr'>de</span> <span class='ocrx_word' id='word_1_214' title='bbox 767 2209 787 2250; x_wconf 90' lang='grc' dir='ltr'>Ιιι</span> <span class='ocrx_word' id='word_1_215' title='bbox 797 2213 861 2263; x_wconf 78' lang='lat' dir='ltr'>perta</span> 
     </span>
     <span class='ocr_line' id='line_1_28' title="bbox 87 2268 864 2327; baseline -0.004 -12"><span class='ocrx_word' id='word_1_216' title='bbox 87 2278 177 2327; x_wconf 83' lang='lat' dir='ltr'>rapport</span> <span class='ocrx_word' id='word_1_217' title='bbox 191 2272 218 2312; x_wconf 84' lang='lat' dir='ltr'>dc</span> <span class='ocrx_word' id='word_1_218' title='bbox 232 2269 326 2312; x_wconf 78' lang='lat' dir='ltr'>seconde</span> <span class='ocrx_word' id='word_1_219' title='bbox 344 2281 460 2325; x_wconf 78' lang='lat' dir='ltr'>personne.</span> <span class='ocrx_word' id='word_1_220' title='bbox 489 2270 559 2311; x_wconf 76' lang='lat' dir='ltr'>deses</span> <span class='ocrx_word' id='word_1_221' title='bbox 573 2270 666 2312; x_wconf 75' lang='lat' dir='ltr'>ensants.</span> <span class='ocrx_word' id='word_1_222' title='bbox 677 2269 728 2310; x_wconf 80' lang='lat' dir='ltr'>iinis</span> <span class='ocrx_word' id='word_1_223' title='bbox 742 2269 770 2311; x_wconf 86' lang='lat' dir='ltr'>ici</span> <span class='ocrx_word' id='word_1_224' title='bbox 787 2268 864 2313; x_wconf 71' lang='lat' dir='ltr'><strong>scelus</strong></span> 
     </span>
     <span class='ocr_line' id='line_1_29' title="bbox 86 2329 861 2387; baseline -0.004 -10"><span class='ocrx_word' id='word_1_225' title='bbox 86 2333 165 2377; x_wconf 74' lang='lat' dir='ltr'><strong>Scelus</strong></span> <span class='ocrx_word' id='word_1_226' title='bbox 175 2331 262 2385; x_wconf 71' lang='lat' dir='ltr'>signino</span> <span class='ocrx_word' id='word_1_227' title='bbox 278 2330 415 2387; x_wconf 78' lang='lat' dir='ltr'><strong>quelqueiois</strong></span> <span class='ocrx_word' id='word_1_228' title='bbox 429 2342 459 2373; x_wconf 89' lang='lat' dir='ltr'>un</span> <span class='ocrx_word' id='word_1_229' title='bbox 488 2332 553 2385; x_wconf 80' lang='lat' dir='ltr'>garde</span> <span class='ocrx_word' id='word_1_230' title='bbox 564 2343 602 2372; x_wconf 77' lang='lat' dir='ltr'>sou</span> <span class='ocrx_word' id='word_1_231' title='bbox 614 2343 665 2373; x_wconf 86' lang='lat' dir='ltr'>sens</span> <span class='ocrx_word' id='word_1_232' title='bbox 679 2330 799 2372; x_wconf 83' lang='lat' dir='ltr'>ordinaire.</span> <span class='ocrx_word' id='word_1_233' title='bbox 808 2329 861 2374; x_wconf 76' lang='lat' dir='ltr'>Pie·</span> 
     </span>
     <span class='ocr_line' id='line_1_30' title="bbox 86 2391 861 2450; baseline -0.004 -13"><span class='ocrx_word' id='word_1_234' title='bbox 86 2395 162 2450; x_wconf 77' lang='lat' dir='ltr'>grand.</span> <span class='ocrx_word' id='word_1_235' title='bbox 170 2408 199 2438; x_wconf 90' lang='lat' dir='ltr'>uu</span> <span class='ocrx_word' id='word_1_236' title='bbox 208 2391 459 2449; x_wconf 78' lang='lat' dir='ltr'>irreparablemalheur.</span> <span class='ocrx_word' id='word_1_237' title='bbox 487 2397 527 2436; x_wconf 84' lang='lat' dir='ltr'>tur</span> <span class='ocrx_word' id='word_1_238' title='bbox 538 2393 638 2447; x_wconf 76' lang='lat' dir='ltr'>signitie:</span> <span class='ocrx_word' id='word_1_239' title='bbox 653 2393 696 2433; x_wconf 86' lang='lat' dir='ltr'>soit</span> <span class='ocrx_word' id='word_1_240' title='bbox 713 2392 808 2443; x_wconf 78' lang='lat' dir='ltr'>assouvi,</span> <span class='ocrx_word' id='word_1_241' title='bbox 817 2393 861 2434; x_wconf 85' lang='lat' dir='ltr'>soit</span> 
     </span>
     <span class='ocr_line' id='line_1_31' title="bbox 86 2453 862 2510; baseline -0.001 -12"><span class='ocrx_word' id='word_1_242' title='bbox 86 2456 141 2499; x_wconf 84' lang='lat' dir='ltr'>G&#39;est</span> <span class='ocrx_word' id='word_1_243' title='bbox 158 2456 215 2499; x_wconf 85' lang='lat' dir='ltr'>ainsi</span> <span class='ocrx_word' id='word_1_244' title='bbox 234 2454 299 2510; x_wconf 86' lang='lat' dir='ltr'>qu&#39;on</span> <span class='ocrx_word' id='word_1_245' title='bbox 316 2459 392 2496; x_wconf 79' lang='lat' dir='ltr'>trouva</span> <span class='ocrx_word' id='word_1_246' title='bbox 404 2453 459 2496; x_wconf 75' lang='lat' dir='ltr'>dans</span> <span class='ocrx_word' id='word_1_247' title='bbox 486 2453 565 2509; x_wconf 64' lang='lat' dir='ltr'>annisi,</span> <span class='ocrx_word' id='word_1_248' title='bbox 577 2466 662 2496; x_wconf 84' lang='lat' dir='ltr'><strong>comme</strong></span> <span class='ocrx_word' id='word_1_249' title='bbox 681 2453 736 2495; x_wconf 83' lang='lat' dir='ltr'>dnus</span> <span class='ocrx_word' id='word_1_250' title='bbox 758 2466 795 2496; x_wconf 82' lang='lat' dir='ltr'>ces</span> <span class='ocrx_word' id='word_1_251' title='bbox 812 2465 862 2497; x_wconf 79' lang='lat' dir='ltr'>vers</span> 
     </span>
     <span class='ocr_line' id='line_1_32' title="bbox 86 2513 862 2572; baseline -0.001 -12"><span class='ocrx_word' id='word_1_252' title='bbox 86 2516 120 2561; x_wconf 84' lang='lat' dir='ltr'>ies</span> <span class='ocrx_word' id='word_1_253' title='bbox 132 2517 275 2572; x_wconf 83' lang='lat' dir='ltr'>inscriptions</span> <span class='ocrx_word' id='word_1_254' title='bbox 287 2516 325 2557; x_wconf 82' lang='lat' dir='ltr'>des</span> <span class='ocrx_word' id='word_1_255' title='bbox 343 2514 458 2557; x_wconf 80' lang='lat' dir='ltr'>tombeaux</span> <span class='ocrx_word' id='word_1_256' title='bbox 486 2516 512 2559; x_wconf 88' lang='lat' dir='ltr'>de</span> <span class='ocrx_word' id='word_1_257' title='bbox 533 2514 640 2570; x_wconf 81' lang='lat' dir='ltr'>Propercc</span> <span class='ocrx_word' id='word_1_258' title='bbox 659 2513 704 2569; x_wconf 82' lang='lat' dir='ltr'>(lit,</span> <span class='ocrx_word' id='word_1_259' title='bbox 716 2515 745 2557; x_wconf 75' lang='lat' dir='ltr'>ei.</span> <span class='ocrx_word' id='word_1_260' title='bbox 757 2514 792 2568; x_wconf 78' lang='grc'>19,</span> <span class='ocrx_word' id='word_1_261' title='bbox 806 2516 841 2570; x_wconf 80' lang='grc' dir='ltr'>ΙΙ)</span> <span class='ocrx_word' id='word_1_262' title='bbox 855 2528 862 2558; x_wconf 87' lang='lat'>:</span> 
     </span>
    </p>
   </div>
   <div class='ocr_carea' id='block_1_4' title="bbox 216 2637 731 2729">
    <p class='ocr_par' dir='ltr' id='par_1_4' title="bbox 216 2637 731 2729">
     <span class='ocr_line' id='line_1_33' title="bbox 216 2637 731 2687; baseline -0.004 -10"><span class='ocrx_word' id='word_1_263' title='bbox 216 2639 262 2677; x_wconf 79' lang='lat' dir='ltr'>itam</span> <span class='ocrx_word' id='word_1_264' title='bbox 272 2638 320 2679; x_wconf 78' lang='lat' dir='ltr'>auid</span> <span class='ocrx_word' id='word_1_265' title='bbox 330 2639 404 2676; x_wconf 71' lang='lat' dir='ltr'>iarden</span> <span class='ocrx_word' id='word_1_266' title='bbox 416 2638 501 2676; x_wconf 79' lang='lat' dir='ltr'>referam</span> <span class='ocrx_word' id='word_1_267' title='bbox 513 2648 552 2684; x_wconf 85' lang='lat' dir='ltr'>quo</span> <span class='ocrx_word' id='word_1_268' title='bbox 562 2642 651 2687; x_wconf 80' lang='lat' dir='ltr'>tempore</span> <span class='ocrx_word' id='word_1_269' title='bbox 659 2637 731 2676; x_wconf 76' lang='lat' dir='ltr'>matris</span> 
     </span>
     <span class='ocr_line' id='line_1_34' title="bbox 241 2683 604 2729; baseline -0.008 -7"><span class='ocrx_word' id='word_1_270' title='bbox 241 2685 292 2722; x_wconf 73' lang='lat' dir='ltr'>tran</span> <span class='ocrx_word' id='word_1_271' title='bbox 301 2687 393 2720; x_wconf 76' lang='lat' dir='ltr'>natorum</span> <span class='ocrx_word' id='word_1_272' title='bbox 403 2683 451 2722; x_wconf 68' lang='lat' dir='ltr'>cade</span> <span class='ocrx_word' id='word_1_273' title='bbox 464 2686 526 2729; x_wconf 70' lang='lat' dir='ltr'>proin</span> <span class='ocrx_word' id='word_1_274' title='bbox 535 2685 604 2720; x_wconf 72' lang='lat' dir='ltr'>amor?</span> 
     </span>
    </p>
   </div>
   <div class='ocr_carea' id='block_1_5' title="bbox 87 2797 880 2970">
    <p class='ocr_par' dir='ltr' id='par_1_5' title="bbox 87 2797 880 2970">
     <span class='ocr_line' id='line_1_35' title="bbox 87 2797 860 2854; baseline 0 -14"><span class='ocrx_word' id='word_1_275' title='bbox 87 2822 114 2833; x_wconf 91' lang='lat'>-</span> <span class='ocrx_word' id='word_1_276' title='bbox 125 2798 146 2840; x_wconf 67' lang='grc' dir='ltr'>Ξ.</span> <span class='ocrx_word' id='word_1_277' title='bbox 160 2801 266 2854; x_wconf 77' lang='lat' dir='ltr'>Aapecta.</span> <span class='ocrx_word' id='word_1_278' title='bbox 284 2799 418 2849; x_wconf 75' lang='lat' dir='ltr'>uemamuez</span> <span class='ocrx_word' id='word_1_279' title='bbox 429 2799 457 2841; x_wconf 92' lang='lat' dir='ltr'>ici</span> <span class='ocrx_word' id='word_1_280' title='bbox 485 2805 548 2854; x_wconf 76' lang='lat' dir='ltr'>gusta</span> <span class='ocrx_word' id='word_1_281' title='bbox 556 2798 588 2841; x_wconf 87' lang='lat' dir='ltr'>les</span> <span class='ocrx_word' id='word_1_282' title='bbox 600 2797 755 2854; x_wconf 56' lang='lat' dir='ltr'>regar-deiide</span> <span class='ocrx_word' id='word_1_283' title='bbox 766 2798 860 2851; x_wconf 79' lang='lat' dir='ltr'>iraucais</span> 
     </span>
     <span class='ocr_line' id='line_1_36' title="bbox 87 2860 860 2915; baseline -0.001 -12"><span class='ocrx_word' id='word_1_284' title='bbox 87 2863 108 2904; x_wconf 90' lang='lat' dir='ltr'>le</span> <span class='ocrx_word' id='word_1_285' title='bbox 118 2860 265 2902; x_wconf 78' lang='lat' dir='ltr'>sensactiidu</span> <span class='ocrx_word' id='word_1_286' title='bbox 278 2865 323 2902; x_wconf 87' lang='lat' dir='ltr'>mot</span> <span class='ocrx_word' id='word_1_287' title='bbox 336 2864 458 2915; x_wconf 71' lang='lat' dir='ltr'>aspectus:</span> <span class='ocrx_word' id='word_1_288' title='bbox 485 2862 563 2914; x_wconf 80' lang='lat' dir='ltr'>aspect</span> <span class='ocrx_word' id='word_1_289' title='bbox 575 2865 609 2903; x_wconf 81' lang='lat' dir='ltr'>est</span> <span class='ocrx_word' id='word_1_290' title='bbox 629 2861 728 2913; x_wconf 74' lang='lat' dir='ltr'>touJ&#39;oura</span> <span class='ocrx_word' id='word_1_291' title='bbox 740 2861 814 2915; x_wconf 73' lang='lat' dir='ltr'>passis.</span> <span class='ocrx_word' id='word_1_292' title='bbox 833 2884 860 2892; x_wconf 88' lang='lat'>—</span> 
     </span>
     <span class='ocr_line' id='line_1_37' title="bbox 88 2920 880 2970; baseline -0.006 -5"><span class='ocrx_word' id='word_1_293' title='bbox 88 2926 109 2968; x_wconf 87' lang='lat' dir='ltr'>te</span> <span class='ocrx_word' id='word_1_294' title='bbox 123 2922 208 2970; x_wconf 67' lang='lat' dir='ltr'>reunrd.</span> <span class='ocrx_word' id='word_1_295' title='bbox 222 2921 240 2962; x_wconf 84' lang='lat' dir='ltr'>ia</span> <span class='ocrx_word' id='word_1_296' title='bbox 249 2920 406 2963; x_wconf 70' lang='lat' dir='ltr'>manieredout</span> <span class='ocrx_word' id='word_1_297' title='bbox 417 2922 460 2963; x_wconf 82' lang='grc' dir='ltr'><strong>Αιι-</strong></span> <span class='ocrx_word' id='word_1_298' title='bbox 485 2920 508 2964; x_wconf 71' lang='grc'>3.</span> <span class='ocrx_word' id='word_1_299' title='bbox 523 2921 581 2964; x_wconf 68' lang='lat' dir='ltr'><strong>ituci</strong></span> <span class='ocrx_word' id='word_1_300' title='bbox 595 2924 688 2964; x_wconf 64' lang='lat' dir='ltr'>uentre.</span> <span class='ocrx_word' id='word_1_301' title='bbox 701 2921 805 2962; x_wconf 50' lang='lat' dir='ltr'>&#39;venerei</span> <span class='ocrx_word' id='word_1_302' title='bbox 820 2928 880 2953; x_wconf 51' lang='lat' dir='ltr'>me</span> 
     </span>
    </p>
   </div>
   <div class='ocr_carea' id='block_1_6' title="bbox 0 0 956 3216">
    <p class='ocr_par' dir='ltr' id='par_1_6' title="bbox 0 0 956 3216">
     <span class='ocr_line' id='line_1_38' title="bbox 0 0 956 3216; baseline 0 0"><span class='ocrx_word' id='word_1_303' title='bbox 0 0 956 3216; x_wconf 95' lang='lat' dir='ltr'> </span> 
     </span>
    </p>
   </div>
  </div>
 </body>
</html>
