1904 3216
296 185 332 235 ut
348 185 415 235 tll'll
433 185 518 236 trono
535 185 606 237 xttl.
786 184 833 234 lta

68 302 160 354 civitati
174 302 275 352 viliores
289 303 367 350 luisse
382 302 490 363 captivos
500 315 575 363 quam
589 307 690 353 nostrae.
705 300 832 358 Ceterum,

68 375 113 425 nisi
124 374 331 436 aohisplusjusto
340 379 425 421 nostra
437 372 516 433 placet
526 385 609 427 causa,
617 370 834 433 nonaliiunquam

68 447 148 495 minus
164 443 306 507 negligendi
312 443 382 492 robis
394 456 521 504 quamnos
532 440 680 511 inhostium
688 447 834 504 potestatem

68 521 195 566 venerunt.
210 516 262 564 llon
276 513 343 563 enim
357 514 382 561 in
390 513 442 561 acie
449 526 494 574 per
510 512 626 561 timorem
642 525 710 560 arma
728 512 836 561 tradidi·

68 600 130 646 mus,
142 586 196 642 sed,
212 598 290 648 quum
302 586 419 646 properat
432 590 529 632 noctem
541 588 710 645 superstantes
725 583 836 633 cumulis

68 671 187 707 cesorum
196 669 329 719 corporum
339 656 455 717 proelium
462 653 661 711 extraxissemus,
674 653 788 703 incastra
795 667 837 704 re·

68 728 179 789 cepimus
187 740 242 783 nos,
255 726 305 774 diei
315 725 441 786 reliquum
448 730 577 773 acnoctem
584 724 764 787 insequentem,
775 723 835 775 lessi

68 797 152 849 unare
162 812 191 848 ac
203 798 358 852 vulneribus,
369 798 460 846 vallum
471 810 558 846 sumus
571 797 658 851 tutati;
671 804 772 861 postero
783 798 835 856 die,

68 882 144 932 quum
156 867 317 917 circumsessi
337 868 367 916 ab
378 868 489 916 exercitu
502 868 596 916 rictore
606 880 669 928 aqua
680 881 835 928 arceremur,

68 952 110 989 nec
118 938 233 1001 ullaJ'am
243 951 289 1001 per
297 939 419 987 confertos
434 939 518 986 hostes
531 937 678 998 erumpendi
690 952 747 1000 spes
759 946 834 997 esset,

68 1022 109 1059 nec
122 1022 179 1059 esse
199 1008 268 1057 netas
288 1009 435 1063 duceremus,
460 1008 639 1070 quinquaginta
656 1009 768 1058 millibus
786 1010 836 1059 ho-

68 1080 164 1129 minum
182 1093 213 1128 ex
223 1078 277 1128 acie
288 1085 374 1127 nostra
384 1078 525 1135 trucidatis,
543 1078 654 1141 aliquem
667 1092 698 1128 ex
712 1080 835 1129 Cannensi

69 1162 147 1211 pugna
160 1152 299 1199 Romanurn
317 1148 423 1197 militem
444 1154 563 1198 restare:
588 1155 643 1198 tum
660 1149 760 1199 demum
769 1149 835 1212 pacti

69 1233 153 1269 sumus
165 1221 274 1283 pretium
285 1234 336 1282 quo
352 1218 475 1285 redempti
491 1218 691 1277 dimitteremur;
706 1233 784 1276 arma,
807 1218 835 1269 ln

69 1289 157 1352 nulus
167 1289 294 1349 nihilium
305 1288 391 1337 auxilii
405 1295 469 1345 erat,
482 1288 549 1337 hosti
558 1289 715 1339 tradidimus.
732 1289 836 1353 llajores

69 1372 165 1421 quoque
178 1371 352 1420 acceperamus
365 1371 392 1405 se
403 1372 416 1406 a
433 1357 508 1407 Gallis
515 1372 577 1408 auro
588 1360 726 1409 redemisse
738 1374 746 1409 ι
758 1367 837 1424 etpa-

69 1434 226 1486 tressestrcs,
234 1428 386 1491 asperrimos
396 1428 451 1478 illos
461 1429 492 1478 ad
503 1430 667 1479 conditionem
679 1430 759 1494 pacis,
768 1432 838 1496 lega·

69 1506 103 1551 tos
116 1508 209 1555 tamen,
219 1500 373 1562 captivorum
385 1499 589 1548 redimendorum
598 1500 688 1562 gratia,
702 1501 836 1553 Tarentum

69 1570 216 1633 misisse(l).
229 1569 303 1632 Atqui
312 1576 338 1618 et
351 1570 382 1618 ad
394 1570 480 1619 ‚liliam
490 1583 548 1619 cum
560 1570 643 1627 Gallis,
659 1577 685 1620 et
707 1572 736 1621 ad
759 1572 837 1622 llera·

69 1642 209 1693 tleamcum
223 1641 325 1702 Pyrrho,
334 1647 440 1702 utraque
450 1654 499 1689 non
511 1648 561 1688 tam
570 1640 638 1690 clade
647 1641 748 1692 infamis
760 1656 836 1706 quam

69 1725 155 1775 pavore
167 1717 194 1760 et
207 1713 265 1771 luga
277 1724 360 1772 pugna
374 1711 430 1759 luit.
445 1711 582 1760 catanenses
595 1726 695 1774 campos
704 1715 783 1761 acervi
791 1714 838 1762 llo-

69 1793 198 1832 manorum
220 1793 353 1841 corporum
372 1786 467 1840 tegunt,
488 1792 533 1829 nec
551 1794 714 1842 supersumus
735 1796 835 1846 pugnae,

69 1854 115 1904 nisi
125 1853 152 1901 in
166 1851 258 1914 quibus
273 1849 426 1899 trucidandis
437 1857 463 1898 et
474 1850 570 1899 sermm
579 1858 604 1900 et
611 1851 676 1900 vires
688 1852 784 1903 hostem
792 1854 837 1903 de·

69 1925 189 1974 lecerunt.
210 1923 270 1971 Sunt
280 1921 356 1970 eduin
367 1921 397 1969 dr
414 1921 506 1969 uostris
517 1921 620 1983 quidam
630 1921 672 1983 qul
687 1936 718 1971 ne
734 1923 761 1971 in
783 1924 838 1974 acie

69 1992 170 2055 quidem
189 1991 344 2052 refugerunt,
356 1991 399 2039 scd
416 1989 531 2051 praesidio
543 1992 630 2039 castris
651 1991 744 2049 relicti,
757 2006 837 2055 quum

69 2070 148 2113 casua
171 2063 338 2117 traderentur,
355 2062 381 2110 in
400 2066 548 2124 potestatem
571 2063 682 2111 hostium
701 2070 835 2113 nonerunt.

69 2134 138 2184 llaud
148 2132 264 2195 equidem
278 2132 347 2181 illius
366 2131 425 2180 ciris
441 2140 467 2180 et
480 2134 655 2182 commilitonis
676 2134 781 2183 lortanae
794 2140 838 2185 aut

69 2203 207 2256 conditioni
221 2203 326 2257 invideo.
342 2216 387 2251 nec
400 2203 536 2264 proruendo
547 2205 624 2252 alium
636 2205 669 2265 (tl)
687 2218 727 2253 me
737 2205 838 2256 extalis·

69 2276 194 2327 seretim:
206 2273 284 2323 neilli
293 2273 393 2336 quidem
404 2272 461 2333 (nisi
476 2273 631 2334 pernicitatis
642 2276 734 2336 pedum
744 2282 770 2325 et
779 2289 838 2326 cur·

70 2360 113 2397 tus
125 2344 228 2408 aliquod
239 2343 371 2409 praemium
382 2343 427 2404 est)
440 2343 484 2404 qui
501 2344 614 2405 plerique
623 2345 732 2395 inermes
743 2359 773 2395 ex
784 2344 839 2398 acie

70 2533 193 2591 d'aprdsles
201 2532 338 2575 manuscrits.
348 2529 441 2572 Trnrrsi-
468 2529 526 2571 aruit
534 2530 644 2583 remportal
653 2543 696 2574 une
704 2533 837 2587 grandenic-

71 2598 145 2641 linas
153 2595 209 2639 n'est
218 2595 298 2650 qu'ans
307 2591 439 2646 conjecture.
468 2590 524 2631 toire
533 2602 572 2631 sur
585 2590 617 2633 les
626 2590 735 2646 Romaim,
751 2595 794 2639 l'an
808 2597 837 2643 ds

95 2660 126 2703 ct.
149 2659 170 2703 1.
195 2656 320 2700 Tarentum
344 2651 440 2701 misisse.
468 2652 535 2695 Rome
550 2652 596 2697 tls.
614 2652 655 2697 Sur
669 2654 691 2698 la
706 2656 793 2702 bataille
809 2660 837 2703 de
912 2684 916 2689 -

72 2722 124 2765 dans
139 2722 160 2765 la
178 2730 257 2775 guerra
275 2723 350 2760 eontra
368 2714 389 2757 le
407 2714 441 2756 roi
468 2712 545 2765 l'lllia,
579 2724 643 2771 reyes
677 2716 698 2760 la
724 2719 837 2763 llarration

72 2782 173 2840 lthaa.
189 2779 311 2831 nmctsa,
328 2792 357 2822 en
374 2778 442 2821 ana-
468 2773 603 2819 tint-a.
616 2777 836 2835 Prenendculiam,

73 2848 117 2897 aie,
132 2842 280 2899 aujourd'hai,
299 2843 310 2885 l
329 2854 354 2884 as
375 2841 441 2896 qu'on
468 2837 521 2879 dans
538 2836 560 2879 le
574 2848 625 2880 sens
642 2839 670 2882 de
686 2841 837 2887 obtrectando

73 2918 144 2961 masa,
170 2904 284 2950 Peliacae.
309 2903 403 2961 Pprrhm
428 2915 441 2961 q
469 2897 802 2961 atttuemaaeaucaaptua
813 2904 856 2956 ut,
