1904 3216
41 144 43 149 ’
119 182 168 234 css
322 243 324 247 ,
426 184 589 236 onnnonus

150 298 184 346 bc
201 296 265 347 mibi
287 298 389 361 quidem
408 298 510 348 minime
519 296 669 349 conveniens
688 296 756 347 inter
772 312 798 346 se
814 306 896 349 irratio

121 369 301 418 Cleomedontis
311 367 362 418 visa
375 374 420 418 est.
434 368 548 418 Elevabat
554 368 692 418 Romanum
704 368 807 425 bellum,
821 384 895 418 even·

122 445 224 500 tumque
232 437 294 501 ejus
312 438 419 488 eundem
434 440 496 496 iore,
513 437 557 501 qui
570 440 663 501 prioris
678 439 744 496 belli,
757 440 823 501 quod
837 453 895 489 cum

121 507 235 570 Philippo
245 508 377 569 gesserint,
387 508 492 558 dicebat.
504 509 552 558 Cur
562 509 642 571 igitur
649 515 763 558 nostrum
772 510 816 558 ille
828 512 897 558 auxi-

119 578 185 628 lium
200 580 290 628 absens
300 579 362 641 petit
377 580 470 640 potius,
482 593 556 642 quam
566 594 673 641 praesens
682 593 728 629 nos
738 582 817 629 socios
828 588 897 630 vete-

120 662 160 698 res
171 649 247 698 simul
258 649 288 698 ab
299 649 390 698 llabide
403 664 431 698 ac
441 649 556 698 Romanis
564 650 679 699 tueatur?
689 649 743 706 Nos,
752 650 826 700 dicol
835 652 895 714 quid

119 718 153 768 ita
167 733 253 782 passus
268 725 307 768 est
322 720 446 770 Eretriam
479 722 657 783 Carystumque
679 720 711 782 (7)
734 720 809 782 capii
834 722 896 785 quid

120 789 155 837 ita
171 796 209 838 tot
219 789 350 840 Thessalico
364 792 460 840 urbes‘l
475 791 536 855 quid
552 791 585 840 ita
607 791 734 841 Locridem
751 791 896 843 Phocidem-

120 861 183 922 que‘l
197 861 258 922 quid
268 860 300 910 ita
313 876 380 912 nunc
393 863 500 913 Elateam
518 861 550 927 (8)
564 861 702 926 oppugnari
716 863 832 925 patitur?
847 866 896 913 Cur

121 931 226 979 excessit
247 931 362 980 saucibus
379 931 447 995 llpiri
469 931 636 994 claustrisque
649 931 699 980 illis
711 931 896 994 inexpugnabi-

122 999 185 1048 libus
198 1000 365 1063 superdeum
382 1016 482 1052 emnem
498 1001 531 1067 (9)
541 1007 585 1051 aut
600 1001 633 1060 vi,
648 1007 691 1050 aut
705 1009 781 1058 metu,
794 1009 838 1051 aut
853 1016 896 1053 vo-

121 1069 223 1127 luntate,
249 1071 397 1136 relictoque,
416 1086 493 1135 quem
512 1071 645 1128 insidebat,
663 1072 739 1129 saltu,
754 1072 854 1134 penitus
866 1073 895 1121 in

121 1153 226 1201 regnum
241 1140 303 1191 abiit
317 1144 331 1190 i
346 1142 370 1192 si
386 1156 432 1192 sua
444 1143 569 1191 voluntate
581 1149 616 1191 tot
629 1141 708 1191 socios
721 1142 823 1204 reliquit
837 1142 896 1192 hos-

120 1208 187 1259 tibus
196 1210 364 1273 diripiendos;
380 1211 423 1273 qul
435 1224 553 1260 recusare
563 1216 642 1273 potest
653 1210 713 1273 quin
729 1218 754 1259 et
764 1211 826 1260 socii
846 1211 895 1261 sibi

120 1281 264 1329 consulmt‘l
278 1281 300 1329 si
315 1288 393 1340 metu,
407 1281 478 1331 nobis
496 1294 596 1343 quoque
611 1280 723 1341 ignoscat
736 1280 891 1331 timentibus.

121 1348 147 1397 Si
167 1349 244 1399 vietus
260 1351 339 1400 ermis
357 1351 439 1409 cessit,
455 1350 536 1399 bchaei
551 1364 618 1398 arina
634 1350 741 1398 Romana
757 1351 895 1401 sustinebi-

120 1433 186 1479 mus,
197 1421 352 1478 Cleomedon,
366 1435 422 1484 quae
435 1434 478 1470 vos
488 1421 632 1470 blacedoncs
649 1434 698 1470 non
718 1421 894 1471 sustinuistis?

150 1491 186 1539 bn
197 1490 244 1540 tibi
256 1491 339 1551 potius
353 1492 484 1540 credamus
497 1491 618 1540 Romanos
637 1503 687 1539 non
698 1491 835 1553 majoribus
853 1506 893 1542 co-

119 1561 170 1625 piis
181 1574 227 1610 nec
241 1561 337 1610 viribus
351 1575 418 1610 nunc
428 1561 521 1611 bellum
532 1575 628 1623 gerere,
640 1574 714 1623 quam
727 1567 798 1611 antea
812 1575 896 1623 gesse-

119 1633 180 1689 rint,
193 1631 278 1693 potius
288 1631 338 1695 (to)
349 1645 424 1694 quam
437 1647 478 1682 res
492 1634 557 1695 ipsas
567 1633 727 1681 intueamur?
741 1633 830 1682 AEtolos
840 1638 893 1682 tum

119 1703 197 1751 classe
212 1700 359 1762 adjuverunt
373 1717 379 1751 :
396 1716 442 1750 nec
452 1702 515 1751 duce
523 1701 658 1758 consulari,
670 1715 717 1750 nec
728 1703 839 1752 exercitu
847 1703 894 1766 (ll)

57 1769 60 1773 ’
118 1771 212 1821 bellum
224 1779 356 1832 gesserunt
367 1786 373 1819 :
386 1772 514 1821 sociormn
526 1771 634 1833 Philippi
646 1771 779 1820 maritimae
787 1777 841 1821 tum
850 1786 895 1821 ur-

118 1841 162 1890 bes
171 1840 198 1890 in
209 1849 304 1890 terrore
316 1856 346 1891 ac
358 1843 468 1890 tumultu
483 1847 553 1890 erant
570 1856 576 1888 :
592 1841 772 1890 mediterranea
782 1842 844 1892 adeo
855 1851 895 1892 tu-

119 1918 145 1960 tu
156 1911 187 1961 ab
199 1911 275 1960 armis
290 1912 408 1961 Romanis
420 1916 529 1970 luerunt,
543 1918 571 1961 ut
585 1912 715 1974 Philippus
733 1912 831 1967 AEtolos,
851 1928 894 1964 ne·

119 1983 329 2046 quicquamopem
337 1983 682 2046 Romanorumimplorantes,
690 1983 892 2046 depopularetur.

118 2054 188 2103 llunc
211 2058 296 2102 autem
319 2054 428 2104 defuncti
454 2054 520 2103 bello
536 2053 628 2102 Punico
641 2053 752 2110 Romani,
773 2055 892 2118 quodper

119 2125 241 2174 sexdecim
257 2139 334 2173 annos
348 2126 416 2173 velut
429 2125 495 2174 intra
514 2125 609 2175 viscera
622 2125 699 2174 ltaliae
711 2125 891 2185 toleraverunt,

118 2209 167 2243 non
184 2195 329 2256 praesidium
351 2196 434 2244 AEtolis
458 2195 608 2245 bellantibus
624 2195 756 2251 miserunt,
777 2196 821 2245 sed
843 2196 891 2260 ipsi

119 2265 193 2315 duces
204 2264 263 2314 belli
276 2279 344 2313 armo
360 2272 429 2314 terra
441 2265 553 2328 marique
565 2265 641 2315 simul
656 2266 800 2315 Macedoniae
819 2267 892 2317 intu-

119 2412 174 2453 guer
183 2399 205 2443 lu
219 2399 383 2443 confederation
396 2399 492 2443 bobien·
516 2399 580 2454 jetnit
590 2398 644 2442 dans
658 2399 679 2443 lu
692 2411 740 2442 mer
754 2399 892 2456 Adriatique;

118 2474 154 2504 ne.
173 2484 199 2492 -
215 2461 311 2504 Eretria
334 2468 356 2504 et
374 2461 490 2517 Carystus,
519 2472 547 2502 on
562 2461 618 2503 croit
634 2473 677 2516 que
692 2461 745 2504 c'est
760 2461 781 2504 le
800 2462 894 2516 Vojussn

118 2520 181 2564 villes
206 2527 232 2564 de
257 2523 301 2565 l'lle
325 2522 426 2573 dilubea,
447 2523 490 2577 euj.
519 2533 548 2564 ou
568 2522 652 2576 chnso
668 2522 747 2566 actuel.
764 2522 833 2569 -1tt
851 2523 894 2568 Po·

117 2582 279 2627 Peleo-Castro
302 2590 323 2626 et
347 2584 444 2627 Curicta.
465 2607 492 2616 -
520 2583 567 2626 tius
576 2582 651 2638 repete
659 2596 716 2638 pour
728 2584 778 2639 plus
791 2585 819 2629 de
832 2585 893 2630 iores

117 2641 138 2686 8.
147 2641 234 2692 litalde,
245 2655 273 2685 en
285 2643 388 2694 Phocide,
399 2657 427 2686 au
436 2645 492 2687 nord
519 2658 549 2689 ou
564 2645 613 2701 plus
629 2646 656 2690 de
672 2646 748 2690 clerte.
762 2671 789 2680 -
798 2650 831 2692 ll.
843 2649 894 2693 Cre·

117 2703 148 2747 du
166 2703 274 2757 cephisse,
299 2705 342 2759 uuj.
365 2705 448 2760 dleftu.
466 2727 493 2737 -
519 2707 681 2759 viervoudrait,
689 2721 746 2763 pour
755 2709 892 2755 l'enuctitude

117 2765 138 2808 9.
157 2765 223 2816 Aous,
245 2766 333 2809 nomme
351 2769 409 2810 aussi
429 2768 491 2820 AEos,
519 2765 649 2821 historique,
660 2767 892 2826 changercapussugo

117 2823 188 2868 beuve
212 2825 343 2869 descendant
366 2828 396 2870 du
414 2828 489 2881 Pindo,
518 2828 545 2872 de
564 2835 619 2872 cette
638 2833 756 2875 muniere:
776 2845 817 2875 nec
834 2835 892 2877 duce

108 2888 195 2932 passui!
202 2887 260 2940 pres
273 2887 415 2943 d'npollonie,
430 2895 453 2934 et
465 2900 490 2934 se
518 2892 890 2944 consulemexercitnconsnlari
