1904 3216
1 181 4 191 ’
87 166 135 217 548
396 165 559 215 ouarlouas

89 293 160 338 mem
175 279 241 342 quod
257 293 336 341 quum
347 280 473 342 reperitis.
490 279 601 329 candidis
613 278 674 328 velis
687 277 788 338 signum
799 274 866 326 mihi

89 349 196 399 dabitis:
206 363 253 412 ego
263 349 342 412 copiis
350 351 455 400 admotis
463 351 558 399 hostem
567 349 594 398 in
603 363 649 400 nos
659 347 751 398 arobis
759 359 868 396 conver-

90 427 150 469 tam.
165 420 299 470 Praemium
312 420 362 470 erit
374 419 398 470 ei
410 421 452 482 qui
463 420 558 482 primus
569 419 726 482 occupaverit
734 415 866 474 verticem,

90 491 181 541 talenta
197 491 296 551 deoem;
311 503 361 540 uno
373 489 456 540 miuus
467 490 578 552 accipiet,
592 491 635 552 qui
649 489 776 552 proximus
785 486 811 536 ei
826 500 868 536 ve·

89 560 169 618 nerit;
184 560 318 622 eadamque
325 560 356 610 ad
364 560 449 610 docem
458 560 569 609 homines
578 558 714 608 servabitur
724 555 809 620 portio
820 555 866 619 (5).

91 633 191 680 Certum
205 637 286 680 autem
298 631 386 688 habeo,
396 643 498 681 rosnon
509 637 559 680 tarn
574 629 750 680 liberalitatem
766 626 866 677 Intueri

90 715 179 758 ineam,
191 713 266 763 quam
274 701 435 752 voluntatem.

309 946 366 994 EX
386 947 523 994 LIBRI)
544 944 633 993 vm

395 1181 398 1195 ,
437 1141 511 1189 XXIII

148 1276 204 1338 Cap.
219 1276 258 1326 19.
271 1275 355 1326 Oratio
371 1275 532 1326 Callisthenis
549 1275 667 1325 adamar
678 1275 801 1326 creonam.

112 1412 265 1461 alexandriam
277 1412 317 1458 diu.
327 1424 411 1462 quoram
420 1413 478 1451 modo
491 1413 582 1452 coelestes
596 1415 681 1465 honores
694 1417 810 1462 usurparat,
820 1414 866 1463 agi-

94 1457 155 1494 Iabat.
164 1457 227 1504 Igitur
236 1458 312 1496 celebri
323 1458 419 1501 convivio.
428 1461 459 1496 rui
468 1459 543 1496 dracoi
557 1457 657 1507 principes
673 1468 711 1496 uua
721 1467 766 1496 eum
775 1461 855 1509 ratrapi

92 1501 217 1551 audiuerat,
227 1513 286 1550 quam
296 1503 396 1550 paulisper
414 1502 507 1550 epulatus
522 1502 646 1552 excessisset,
659 1507 700 1540 tum
717 1502 763 1539 Cleo
773 1503 865 1554 quidam.

91 1544 325 1597 vanahsetassenlaaoriae
333 1547 410 1594 iiirguae,
416 1557 439 1584 ex
445 1550 551 1628 comfosrto
559 1556 668 1597 eermorem
677 1555 721 1583 oum
731 1545 866 1586 admiratione

91 1588 171 1625 laudum
181 1598 224 1634 ejus
233 1594 332 1628 instituit:
341 1591 434 1629 hortatur
444 1597 464 1626 ur
474 1595 487 1628 Δ
496 1591 604 1628 axandrum
614 1595 666 1628 sicut
674 1591 740 1632 deum,
752 1599 809 1629 more
819 1594 866 1630 Per·

92 1641 163 1673 sarum,
174 1635 265 1670 adorent.
274 1636 320 1672 Erat
327 1635 378 1672 inter
386 1634 477 1672 convivas
482 1634 609 1673 Callisthenes
616 1635 752 1683 philosophus.
763 1635 865 1688 gravitate

91 1685 199 1768 ιὲιοοέἓίιῖιιεο
216 1682 306 1728 prompta
316 1678 411 1717 libertate
419 1681 493 1717 clarus.
510 1682 530 1717 la
538 1682 581 1717 tum
590 1679 656 1717 cleoui
669 1680 707 1717 hac
719 1682 813 1717 oratione
821 1689 865 1720 raa·

118 1817 196 1871 Letoi,
212 1819 246 1862 a'il
255 1819 308 1863 a'tait
317 1820 413 1876 prosena,
428 1821 619 1876 de'sapprouverrit
639 1819 712 1863 ciaon.
729 1819 864 1866 Callisthdne

92 1892 116 1922 va
127 1879 160 1922 lui
168 1880 285 1936 repondre.
299 1907 327 1914 -
337 1883 456 1925 Alexandro
468 1895 495 1925 ne
506 1889 559 1936 peut
572 1883 619 1925 etro
633 1882 685 1925 dieu
693 1881 720 1924 de
730 1883 863 1929 souvivana.

91 1940 165 1984 Puisse
177 1943 197 1984 le
212 1944 253 1986 ciel
265 1943 481 1997 eloignerlejourou
495 1944 526 1987 les
533 1944 645 1986 honneurs
656 1943 727 1986 diiins
738 1942 770 1985 lui
784 1953 864 1989 aeront

91 2004 186 2046 rendusi
195 2005 286 2047 Hercule
298 2011 321 2047 et
329 2006 490 2048 Baochusn'ont
499 2011 560 2061 point
568 2005 602 2047 όῑέ·
610 2004 683 2061 portas
693 2005 749 2046 ainsi
761 2017 791 2048 au
799 2006 862 2050 eIeld

91 2065 112 2107 Ia
126 2066 183 2108 suita
194 2066 245 2108 d'uu
258 2067 333 2117 iason,
343 2069 397 2110 mais
406 2067 469 2122 apres
485 2068 550 2122 qu’ils
562 2075 639 2109 aurant
649 2065 721 2122 quitto
729 2065 750 2107 la
760 2072 862 2113 terro.-

91 2127 154 2170 FaIra
167 2141 198 2170 un
209 2128 260 2171 dieu
275 2135 309 2172 est
321 2143 366 2172 una
378 2130 471 2173 datterie
480 2142 523 2185 qua
533 2129 553 2171 lo
563 2130 596 2172 roi
608 2140 735 2184 repoussera
747 2141 753 2172 :
767 2131 815 2173 cela
827 2140 863 2174 esa

90 2189 141 2243 plus
150 2189 214 2231 facile
228 2202 270 2244 que
284 2190 311 2232 da
324 2192 378 2234 faire
391 2204 422 2232 uu
435 2191 477 2232 roi.
495 2191 574 2240 -Que
583 2190 616 2233 lea
625 2191 690 2234 dieux
702 2190 862 2244 pardounenaa

91 2249 157 2292 oleon
168 2262 203 2293 ses
217 2250 358 2305 blasphdmes.
372 2251 412 2294 Las
427 2250 574 2294 Maeddoniens
589 2250 760 2306 n'apprendront
772 2263 813 2307 pas
823 2253 863 2296 des

95 2310 187 2365 paupIes
198 2313 287 2354 vaincus
299 2312 311 2354 a
321 2312 415 2356 honoror
426 2313 476 2355 leur
485 2313 526 2355 roi.

125 2443 150 2491 Si
162 2457 207 2492 rer
216 2443 325 2493 sermoni
339 2448 383 2492 tuo
392 2443 514 2502 affuisset,
528 2443 623 2493 nuIIIus
637 2443 749 2507 proiecto
762 2456 810 2492 vox
820 2456 865 2492 re·

96 2513 211 2575 sponsari
231 2513 278 2562 tihi
294 2513 477 2563 desideraretur
496 2513 567 2577 :Ipse
578 2513 648 2569 enim
662 2519 767 2575 peteret,
783 2527 817 2563 ne
834 2514 864 2561 in

67 2589 69 2594 '
91 2583 238 2644 peregrinos
250 2589 412 2646 externosque
421 2585 485 2633 ritus
494 2585 644 2646 degenerare
652 2598 679 2633 se
691 2597 802 2645 cogeres,
812 2598 862 2633 neu

93 2652 169 2703 rebus
183 2653 326 2703 felicissime
341 2655 418 2716 gestis
427 2655 545 2704 invidiam
557 2655 602 2705 tali
615 2655 755 2704 adulatione
763 2661 865 2704 contra-

90 2826 141 2862 ront
149 2819 202 2863 dans
211 2820 233 2863 la
246 2821 353 2864 directior
362 2820 389 2863 de
399 2827 463 2864 notra
486 2820 575 2876 porta'o.
585 2825 631 2862 mot
639 2819 678 2873 qui
691 2825 726 2863 est
739 2820 805 2863 d'uue
813 2820 864 2865 Iati-

86 2895 157 2945 camp.
169 2908 196 2919 -
205 2884 225 2931 3.
241 2884 322 2932 Porlio
339 2897 395 2944 pour
408 2897 463 2943 pro·
489 2883 534 2926 nita
544 2882 615 2926 moins
624 2881 705 2927 bonne.
