1904 3216
304 116 342 165 ΒΧ
357 117 425 166 llVll
442 117 529 167 nlntio
545 118 585 168 ll.
799 121 832 168 65

56 231 218 280 descendent.
229 230 303 280 Vobis
319 231 375 280 dent
393 237 501 281 mentem
512 239 618 295 oportet,
631 234 831 296 utprohibeatis:

55 302 121 351 sicut
136 301 201 350 mihi
218 301 344 351 dederunt
352 309 445 351 armato
452 311 595 367 togatoque,
610 309 637 352 ut
644 318 708 353 rosa
721 304 834 353 barbaris

55 372 180 432 hostibus,
202 387 217 420 a
240 371 356 435 superbis
374 374 533 424 defenderem
547 374 650 423 civibus.
672 376 731 423 lam
744 387 833 436 parvus

54 443 155 492 animus
176 441 240 490 tanti
264 442 350 504 populi
357 447 403 499 est,
417 449 447 491 ut
460 457 558 507 semper
573 444 643 493 vohis
652 445 773 493 auxilium
786 442 833 491 ad-

55 526 140 562 versus
157 513 274 562 inimicos
288 512 348 561 satis
367 513 408 572 sit,
427 526 472 562 nec
488 515 578 571 ullum,
589 514 637 562 nisi
652 522 774 576 quatenus
786 514 831 578 (¹l·

55 583 178 645 imperari
191 583 261 632 robis
276 583 370 640 sinatis
378 589 505 633 certamen
512 583 629 633 adversus
636 585 674 633 Pat
679 599 719 633 res
724 583 832 634 noritis!

55 652 104 703 lieo
116 655 166 702 boc
175 662 265 703 natura
273 653 451 704 insitumrobis
459 660 505 713 est,
515 655 610 704 sedusu
618 654 778 718 possidemini
787 654 831 718 til.

56 725 103 774 Cur
127 726 196 773 enim
217 725 336 774 adversus
349 733 463 774 externos
475 731 570 774 tantum
583 726 723 775 animorum
732 725 831 786 genitia,

56 803 84 843 ut
96 796 225 857 imperare
241 795 399 857 itlisaequum
409 794 549 845 censeatis?
560 795 622 851 Quia
630 794 766 844 consuestis
774 809 831 845 cum

57 868 93 915 eis
107 880 155 928 pro
175 866 284 930 imperio
303 872 416 925 certare;
435 864 551 915 adversus
573 867 618 915 hos
638 871 735 914 tentare
751 865 832 926 magia

57 949 132 998 mam
143 936 211 985 tueri
227 936 376 986 libertatem.
389 935 489 992 lamen,
498 935 692 998 qualescumque
706 937 781 984 duces
789 936 832 984 ba-

58 1005 161 1063 buistis,
172 1006 370 1068 qualescumque
385 1005 434 1068 ipsi
456 1005 549 1064 inistis,
555 1008 639 1055 omnia
652 1007 743 1062 adhue.
755 1019 832 1067 quan·

56 1082 192 1139 tecumque
213 1075 319 1138 petistis,
340 1075 490 1133 obtinuistis,
502 1090 547 1124 seu
559 1076 592 1132 ri,
605 1089 650 1125 seu
664 1076 768 1124 tortuna
780 1089 832 1126 reo·

57 1154 103 1195 tra.
111 1147 221 1208 Tempus
234 1153 273 1195 est
285 1147 339 1210 jam
355 1146 447 1208 majora
461 1147 555 1195 conari.
567 1146 718 1208 Experimini
729 1148 832 1198 modoet

58 1224 167 1267 vestram
178 1217 333 1274 felicitatem,
343 1223 368 1265 et
382 1231 421 1266 me
436 1217 676 1280 (utsperolleliciter
690 1225 829 1278 expertum.

59 1287 157 1338 ttinere
173 1287 276 1350 negotio
292 1288 335 1349 qui
350 1287 458 1350 imperet
472 1288 586 1337 Patribus
598 1287 736 1350 imponetis,
757 1301 831 1349 quam

58 1358 102 1427 qui
120 1358 267 1409 resisterent
286 1357 469 1420 imperantibus
481 1357 643 1420 imposuistis.
660 1358 716 1406 Solo
729 1372 831 1420 aequan-

57 1433 94 1483 dae
101 1428 337 1496 (bisuntdictaturae
347 1429 545 1491 consulatusque.
554 1434 661 1490 uteaput
668 1429 780 1478 attollere
787 1430 832 1478 Ro-

57 1517 129 1552 mana
140 1500 227 1564 plebes
238 1498 324 1562 possit.
335 1498 439 1548 Proinde
449 1500 539 1555 adeste,
556 1499 685 1560 prohibete
694 1499 737 1562 jus
752 1501 782 1549 de
790 1513 831 1562 pe-

57 1573 140 1623 cuniis
164 1570 223 1619 dici.
244 1569 294 1631 ligo
312 1582 351 1618 me
367 1577 500 1632 patronum
520 1567 637 1631 profiteor
656 1569 743 1630 plebis,
765 1571 831 1632 quod

57 1644 120 1693 mini
133 1655 194 1691 cura
206 1653 261 1689 mea
277 1647 302 1688 et
312 1640 372 1689 tides
389 1653 478 1688 nornen
490 1640 581 1688 induit.
593 1640 647 1698 llos,
662 1641 683 1688 si
698 1654 748 1702 quo
765 1640 831 1689 insi-

57 1715 101 1777 gni
117 1712 201 1774 magis
219 1710 319 1773 imperii
342 1710 473 1759 honorisve
487 1712 589 1760 nomine
600 1719 711 1760 restrum
726 1714 831 1775 appella-

57 1787 117 1836 bitis
131 1787 232 1838 dueem,
243 1795 272 1831 eo
284 1780 390 1831 utemini
402 1781 716 1843 potentioreadohtinendn
733 1798 761 1832 ea
775 1797 830 1847 quse

57 1856 141 1907 tultis

83 1978 174 2024 mul.
200 1979 221 2021 t.
239 1977 364 2030 Quatenus,
385 1976 433 2030 jus·
462 1973 833 2018 «certamenbabuistisoumPatri·

58 2043 107 2098 qu'd
116 2040 172 2097 quel
179 2040 248 2094 peine
257 2040 285 2082 be
294 2050 344 2081 seua
353 2051 383 2081 un
391 2050 434 2093 peu
462 2052 472 2073 «
482 2034 531 2084 bns.
538 2048 566 2079 ne
571 2037 704 2090 imperarent
714 2034 784 2086 vobis,
792 2034 831 2077 sed

60 2104 117 2147 voild
136 2103 166 2146 de
185 2107 246 2144 toute
264 2102 285 2143 la
306 2100 384 2155 phrase
401 2106 435 2143 est
463 2098 601 2153 «imperium
616 2098 660 2140 illis
670 2104 745 2152 sponte
755 2108 832 2139 conee-

59 2162 281 2218 tres-bienexpttque
298 2161 433 2217 par-Stroth:
463 2159 570 2211 «dentes,
586 2160 612 2203 de
628 2159 691 2201 modo
707 2164 791 2200 tantum
810 2165 833 2202 et

60 2246 70 2267 ι
85 2228 131 2270 bon
139 2225 266 2268 libertatem
280 2223 315 2266 rel
330 2223 383 2266 adeo
394 2225 435 2265 im·
463 2222 552 2264 «torma
566 2221 652 2276 imperii
662 2226 772 2264 certamen
782 2221 833 2264 inii·

62 2307 69 2327 ι
84 2290 175 2344 perium
185 2285 324 2329 haetenusde
335 2285 434 2328 Patribus
463 2285 572 2327 «stis.»-
580 2285 600 2326 2.
613 2284 657 2328 llsu
672 2283 830 2339 possidemim.

60 2366 71 2388 ι
85 2345 435 2402 consequimntendistissedim-
462 2345 832 2400 vousetesleursesclavesparune

60 2426 71 2449 ‹
84 2410 174 2465 perium
186 2420 264 2451 eorum
277 2419 364 2463 semper
372 2419 435 2461 aequo
463 2407 540 2461 simple
550 2407 673 2462 possession
686 2407 713 2450 de
728 2407 766 2449 tait
781 2408 832 2460 (non

60 2468 435 2521 ‹animotulistis,eontentiaurilio
463 2481 502 2524 par
515 2468 831 2524 undroitl-3.Soloaequare‚

61 2533 178 2588 «quodam
191 2531 296 2585 (tribunis
308 2529 347 2586 pl.)
360 2530 436 2572 adven
462 2543 532 2581 mser,
551 2542 575 2572 se
590 2529 629 2581 (lit,
645 2542 673 2572 au
691 2543 777 2586 propre.
794 2530 833 2573 des

61 2606 119 2636 «sus
134 2592 237 2636 inimicos
251 2597 335 2635 vostros
349 2603 437 2633 eorum·
463 2593 527 2635 rilles
542 2605 585 2647 quo
598 2592 701 2636 t'ennemi
714 2592 832 2637 dotruitde

61 2667 125 2712 eque
143 2655 269 2711 imperinm.
285 2653 359 2709 sieque
372 2654 399 2696 de
409 2665 435 2696 eo
463 2653 515 2696 lond
528 2666 556 2697 en
570 2653 661 2697 comble.
