1904 3216
140 117 190 165 ⁴278
343 147 345 154 ·
449 113 612 170 cunuchus

140 229 270 278 exercitus
282 234 367 276 uester
384 232 422 276 est
434 232 613 289 transgressus,
632 240 761 288 nunquam
779 244 793 277 a
814 231 917 282 consule

139 297 249 350 abscessi
262 312 268 347 :
283 310 356 346 nemo
364 297 436 346 miles
445 298 568 346 Romanus
576 297 657 358 magis
668 297 782 349 assiduus
793 298 818 346 in
827 300 916 349 castris

144 368 232 418 restrIs
245 367 302 426 iuit,
317 380 390 428 quam
405 380 451 427 ego
462 367 600 430 fratresque
611 367 662 415 mei
676 382 682 416 ε
695 368 765 415 nuria
779 369 913 429 expeditio,

143 439 241 489 nulium
252 442 367 499 equestre
380 437 497 498 proelium
517 438 572 486 sine
584 451 623 485 me
642 439 736 486 sachun
749 445 786 486 est
801 453 806 485 :
823 439 849 486 in
861 440 916 489 acie

144 508 180 558 ihi
195 505 261 563 steri,
269 518 323 554 eam
333 513 429 567 partem
440 519 496 554 sum
505 510 608 566 tutatus,
622 505 648 554 in
657 519 707 567 qua
716 519 759 556 me
769 508 855 557 consui
862 521 917 559 esse

142 578 231 628 uoluit.

175 649 227 696 Non
241 660 295 694 sum
308 647 355 696 hoc
367 646 491 706 dicturus,
508 645 594 695 Patres
607 647 752 709 conscripti,
771 664 782 693 o
797 648 857 706 Quis
868 649 916 701 hoc

141 719 209 770 hello
223 717 320 766 meritis
333 729 392 778 erga
405 729 446 765 vos
460 729 558 765 mecum
571 717 710 778 comparari
726 719 848 778 potesse»
865 720 917 782 Ego

144 789 209 839 nulii
219 788 333 839 omnium
339 800 420 848 neque
431 785 589 849 populorum,
608 800 689 848 neque
700 800 798 848 regum,
816 791 916 852 quezin

140 872 235 921 magno
257 857 358 907 ,honore
382 854 488 912 habetis,
514 868 564 904 non
589 855 669 904 ausim
695 869 736 904 me
761 871 916 920 comparare,

145 925 360 978 Hostisiiasinissa
376 926 408 991 (8)
424 931 483 975 ante
498 925 576 985 vohis,
590 938 664 988 quam
677 925 767 985 socius,
779 927 827 976 fuit
845 943 851 977 :
869 943 916 982 nec
941 945 944 950 ·

141 999 265 1050 incolumi
277 1010 419 1060 regnocum
428 996 528 1045 auxiliis
540 994 602 1055 suis,
615 996 659 1045 sed
666 997 781 1054 extorris,
789 999 914 1060 expuhus,

143 1069 241 1121 amissis
261 1067 376 1118 omnibus
390 1066 478 1131 copiis,
491 1080 549 1117 cum
565 1072 646 1115 turma
661 1066 774 1127 equitnm
793 1068 818 1116 in
834 1076 916 1122 castra

143 1140 256 1203 confugit
271 1145 350 1188 vestra
371 1154 377 1186 :
395 1145 560 1195 tamencum,
577 1137 635 1200 quia
657 1136 684 1185 in
702 1138 783 1187 Africa
798 1139 916 1192 adversus

145 1211 280 1274 Syphacem
298 1215 324 1257 et
347 1207 562 1269 Carthaginienses
583 1206 693 1256 fideliter
712 1214 786 1270 atque
806 1209 915 1273 impigre

144 1280 271 1330 vobiscum
282 1277 360 1336 stetit,
373 1291 423 1328 non
438 1277 465 1326 in
480 1277 589 1340 patrium
601 1277 916 1339 solumregnumrestitui·

139 1349 200 1405 stis,
213 1349 264 1406 sed,
280 1348 377 1408 adjecta
391 1347 585 1411 opulentissima
599 1354 670 1410 parte
695 1348 811 1410 Syphacis
832 1351 913 1412 regni,

145 1424 320 1482 praepotentem
339 1417 406 1466 inter
428 1417 515 1467 rsricae
532 1431 604 1480 reges
625 1418 727 1466 fecistis.
747 1418 798 1473 Quo
815 1423 915 1472 tandem

145 1490 226 1550 igitur
238 1501 283 1537 nos
300 1487 402 1549 praemio
414 1494 490 1550 atque
499 1488 592 1537 honore
605 1488 676 1550 digni
684 1489 750 1549 apud
761 1502 802 1536 ros
816 1503 913 1549 sumus,
936 1549 938 1552 ¹

145 1560 188 1623 qui
202 1571 330 1621 nunquam
344 1558 436 1618 hostes,
447 1571 545 1620 semper
557 1558 616 1607 socii
635 1558 745 1607 t'uimus‘i
761 1559 840 1616 Pater,
857 1575 913 1623 ego,

141 1633 284 1692 fratresque
296 1628 346 1677 mei
358 1642 408 1677 non
418 1628 445 1676 in
458 1628 514 1678 Asia
522 1634 627 1688 tantum,
643 1630 686 1678 sed
698 1629 773 1677 etiam
785 1632 914 1691 proculab

144 1702 216 1750 domo
231 1700 258 1748 in
269 1699 443 1761 Peloponneso,
467 1699 494 1747 in
507 1699 607 1760 Boeotia,
629 1699 655 1747 in
679 1700 773 1757 AEtolia,
797 1700 918 1765 Philippi·

144 1771 268 1828 Antiochi,
287 1771 388 1820 AEtolico
400 1770 474 1832 bello,
485 1776 553 1821 terra
565 1770 680 1832 marique
701 1784 747 1832 pro
762 1772 830 1820 vobis
843 1787 914 1823 arma

142 1841 261 1890 tulimus.

175 1910 238 1966 Quid
251 1924 312 1972 ergo
325 1910 452 1972 postulas?
473 1910 540 1959 dicat
561 1910 659 1971 aliquis.
679 1912 737 1972 ugo,
753 1911 837 1960 Patres
852 1913 914 1962 Cou-

140 1982 239 2044 scripti,
250 1981 366 2044 quoniam
373 1981 456 2032 dicere
462 1981 550 2042 utique
556 1982 696 2030 volentibus
702 1981 769 2031 vobis
774 1984 912 2044 pamndum

144 2059 191 2110 est,
205 2053 226 2101 si
239 2066 281 2100 vos
289 2065 317 2101 ea
329 2058 410 2100 mente
419 2050 488 2099 ultra
500 2050 638 2113 Taurijuga
647 2052 748 2101 emostis
756 2053 911 2112 Antiochum,

144 2129 172 2171 ut
185 2122 233 2184 ipsi
244 2121 364 2171 teneretis
376 2134 417 2169 eas
430 2126 519 2177 terras
536 2121 616 2169 nullos
629 2123 724 2171 accolas
736 2136 780 2171 nec
796 2122 913 2172 finitimos

144 2191 245 2248 hahere,
255 2202 329 2252 quam
341 2202 391 2246 uos,
404 2189 482 2246 malo;
494 2188 595 2238 necuila
603 2189 653 2236 aiio
662 2203 691 2238 re
701 2189 913 2240 tutiussrabilius-

144 2274 193 2321 que
205 2272 312 2319 regnum
319 2271 403 2307 meum
415 2257 617 2319 futurumspero.
631 2259 704 2309 Sedsi
715 2259 785 2308 vohis
794 2259 913 2309 decedere

145 2330 211 2386 inde,
227 2335 301 2390 atque
316 2328 439 2377 exercitus
453 2327 574 2377 deducere
585 2329 612 2376 in
628 2328 711 2377 animo
721 2335 770 2385 est;
787 2330 912 2379 neminem

142 2398 285 2458 digniorem
292 2411 348 2448 esse
364 2411 394 2446 ex
402 2397 476 2446 sociis
486 2398 585 2454 restris,
600 2398 643 2461 qui
655 2400 719 2446 hello
732 2413 746 2448 a
760 2399 828 2449 vobis
842 2408 913 2461 parta

144 2471 275 2534 possideat,
290 2484 364 2533 quam
379 2483 426 2527 me,
444 2469 528 2519 dicere
540 2472 628 2519 ausim.
643 2499 674 2508 -
686 2474 714 2520 ht
723 2472 791 2521 enim
798 2474 913 2534 magnifi-

144 2554 202 2588 cum
216 2548 254 2589 est
265 2541 368 2590 liberare
379 2541 492 2590 civitates
506 2555 589 2591 serras
600 2543 640 2605 (9).
657 2543 692 2591 Ita
706 2543 801 2605 opinor,
817 2544 839 2593 si
849 2545 913 2594 nihil

144 2610 235 2658 hostile
246 2611 363 2660 adversus
374 2623 416 2660 ros
424 2612 538 2660 iecerunt
549 2626 556 2661 :
570 2612 702 2661 sinautem
714 2613 825 2662 Antiochi
834 2614 914 2676 partis

142 2766 165 2809 8.
177 2767 252 2810 Hostia
271 2767 407 2811 Masinissa:
422 2780 486 2824 voyez
496 2769 516 2812 le
545 2772 912 2830 raresceroashesvihesgrecqueo

145 2827 247 2871 Discours
262 2828 360 2872 cxxxix.
378 2852 404 2860 —
419 2829 440 2874 9.
457 2829 518 2874 civt-
544 2831 670 2875 tributuires
680 2833 803 2876 d'Eumdue.
