1904 3216
101 189 147 238 aaa
397 171 567 237 'omrronus

102 302 156 366 gris
166 308 240 363 atque
253 299 392 363 Euphrates
403 308 484 350 erant.
494 302 598 350 Ventum
609 305 648 351 est
658 313 696 361 eo,
710 301 777 352 unde
793 302 876 365 pulsis

102 387 133 422 ne
143 373 209 433 luge
220 372 321 433 quidem
335 374 403 421 locus
420 377 467 421 est.
478 370 566 420 Omnia
577 377 629 420 tam
645 372 743 422 diutino
752 373 820 423 hello
832 388 876 424 ex-

30 478 33 484 ·
52 461 53 464 ¹
100 445 187 494 hausta
201 448 257 504 post
274 448 375 504 tergum
392 449 466 492 sunt:
479 455 530 491 non
541 442 634 492 incolas
649 457 707 493 suos
718 444 803 500 urbes,
820 457 876 495 non

101 512 209 563 cultores
214 512 306 561 habent
315 518 398 560 terrae.
408 511 527 574 conjuges
533 525 631 575 quoque
642 519 666 561 et
676 513 750 562 liberi
761 527 876 576 sequun-

100 589 143 633 tur
151 584 215 632 hane
226 582 312 640 aciem,
325 585 411 645 parata
421 581 535 631 hostibus
547 584 639 644 praeda,
652 582 703 633 nisi
714 597 760 646 pro
772 584 877 636 carissi-

100 654 150 703 mis
161 653 308 716 pignorihus
323 667 427 716 corpora
438 652 595 716 opponimus.
608 653 677 710 Quod
692 667 805 705 mearum
823 655 876 706 luit

100 724 220 786 partium,
232 723 376 781 exercitum,
392 737 467 786 quem
481 736 551 784 paene
568 723 690 774 immensa
703 724 819 786 planities
832 725 876 774 vix

100 800 205 857 caperet,
218 793 370 856 comparavi:
387 807 473 857 equos,
485 806 555 842 arma
564 793 682 843 distribui
695 811 701 841 :
716 801 875 845 commeatus

91 878 132 913 ne
147 869 224 913 tantae
235 863 390 914 multitudini
403 864 523 921 deessent,
541 864 639 928 pmvidi
653 881 659 912 ε
679 866 769 923 locum,
779 865 806 913 in
820 879 874 928 quo

101 933 167 984 acies
182 934 298 998 explicari
319 940 408 998 posset,
425 933 498 996 elegi.
521 934 639 984 Ceterain
655 942 738 986 vestra
749 941 876 998 potestate

100 1012 177 1055 sunt:
198 1006 286 1055 audete
298 1006 369 1054 modo
388 1005 496 1064 vincere,
516 1005 658 1067 famamque
674 1006 716 1070 (ἲ),
730 1006 875 1058 infirmissi-

100 1088 169 1124 mum
180 1076 297 1124 adversus
308 1075 385 1124 fortes
396 1073 462 1124 viros
474 1075 560 1132 telum,
569 1076 726 1125 contemnite.
735 1076 875 1126 Temeritas

100 1152 145 1206 est,
156 1160 231 1209 quam
242 1146 322 1194 adhuc
332 1159 378 1208 pro
388 1146 482 1195 virtute
491 1145 625 1194 timuistis:
638 1160 693 1208 quae
704 1146 748 1195 uhi
758 1146 876 1208 primum

100 1216 220 1278 impetum
232 1215 329 1272 eiludit,
341 1217 409 1265 velut
420 1216 531 1278 quaedam
543 1216 659 1265 animalia
670 1216 762 1265 emisso
774 1219 873 1276 aculeo,

99 1292 190 1348 torpet.
200 1286 229 1334 lli
236 1300 293 1334 vero
303 1287 384 1348 campi
392 1285 615 1348 deprehendereldl
626 1286 786 1348 paucitatem,
795 1302 875 1350 quam

101 1353 190 1402 Ciliciae
207 1360 304 1402 montes
313 1354 500 1403 absconderant.
512 1353 604 1404 Videtis
616 1355 716 1405 ordines
727 1369 807 1413 raros,
819 1369 875 1406 cor-

93 1438 149 1487 nua
167 1429 273 1482 extenta,
296 1425 402 1473 mediam
423 1424 502 1473 aciem
523 1438 620 1482 vanam,
635 1425 796 1475 exhaustam?
808 1441 872 1476 nam

99 1492 191 1551 ultimi,
204 1508 265 1555 quos
279 1493 369 1543 locavit
382 1507 488 1550 aversos,
502 1498 573 1554 terga
581 1494 634 1556 jam
645 1496 755 1557 praebent
764 1494 809 1561 (ll.
823 1496 875 1546 Ob-

98 1563 157 1620 teri,
168 1565 317 1622 mehercule,
331 1577 453 1626 equorum
462 1563 564 1625 mrgulis
571 1571 682 1626 possunt,
693 1565 791 1615 etiamsi
802 1567 873 1617 nihil

99 1638 190 1695 praeter
208 1633 308 1681 lhlcatos
329 1646 419 1681 currus
439 1631 555 1680 emisero.
570 1631 599 1680 llt
616 1633 679 1681 hello
690 1631 836 1691 vicerimus,
850 1636 873 1684 si

99 1701 221 1751 vincimus
228 1702 316 1764 proelio
324 1717 329 1756 ;
338 1716 395 1750 nam
403 1715 435 1750 ne
443 1701 491 1749 illis
498 1701 599 1763 quidem
608 1701 639 1749 ad
646 1702 806 1764 lugamlocus
817 1710 872 1754 est:

99 1775 158 1822 hinc
165 1775 309 1836 Euphrates,
318 1772 388 1820 illinc
396 1772 476 1834 Tigris
487 1771 603 1834 prohihet
611 1772 718 1822 inclusos
724 1771 765 1837 (5).
776 1773 806 1824 ltt
814 1790 873 1840 quae

100 1936 156 1973 cette
170 1930 256 1986 pensee.
266 1931 319 1973 —2.
336 1930 438 1978 Famam,
450 1928 470 1970 la
498 1931 560 1981 cunt,
568 1933 679 1985 arescunt.
686 1932 872 1991 deprehendere,

99 1991 223 2046 reputation
231 1991 269 2033 des
275 1988 424 2033 liace'doniens
432 1990 470 2045 qui
498 1989 551 2032 dans
560 2002 585 2032 co
594 2002 652 2039 sens,
662 1998 696 2034 est
708 2005 739 2033 un
755 1999 827 2037 terme
844 1997 873 2040 do

101 2051 470 2108 passaicntpouriuvinoiblos.Cette
497 2051 597 2094 harreau.
617 2075 644 2083 -
666 2053 686 2096 d.
718 2053 790 2109 Terqa
817 2055 873 2111 jam

99 2114 235 2169 reputation.
246 2115 277 2156 dit
286 2112 374 2165 Darius,
385 2120 470 2156 estune
495 2115 613 2172 praebent,
625 2114 653 2157 ils
662 2121 711 2158 sont
718 2115 817 2170 disposds
827 2120 874 2163 d'a·

100 2189 159 2220 orme
187 2175 309 2219 tres-laihle
334 2182 408 2218 contre
432 2175 470 2217 des
500 2190 567 2220 vance
577 2189 633 2232 pour
641 2176 662 2219 la
671 2175 733 2220 luite.
742 2175 799 2221 G'est
809 2178 831 2224 ld
840 2194 873 2224 un

100 2238 211 2292 guerriers
227 2248 356 2290 courageux.
374 2235 471 2278 ll'autres
499 2249 575 2292 moyen
589 2235 683 2279 oratoire
696 2241 745 2291 trop
764 2237 839 2296 facile,
849 2249 873 2284 et

100 2308 206 2350 orateurs,
217 2299 278 2342 selon
289 2299 309 2342 lc
319 2299 470 2350 hesoin,exal-
498 2296 514 2338 il
530 2301 563 2338 est
579 2295 689 2339 d'allleurs
704 2308 748 2352 peu
764 2299 830 2342 sense
844 2301 872 2344 de

100 2370 146 2405 tent
159 2375 187 2404 au
203 2362 311 2404 contraire
325 2361 345 2402 la
360 2361 470 2414 puissante
498 2357 574 2398 imiter
582 2356 647 2399 d'une
656 2357 720 2411 sapon
728 2359 787 2409 aussi
794 2358 872 2415 legere

100 2426 207 2466 inlluence
217 2436 260 2477 que
274 2423 294 2464 la
308 2422 432 2475 reputation
442 2433 470 2463 ou
497 2418 530 2460 les
545 2418 705 2462 combinaisous
723 2418 873 2478 stratdgiques

100 2487 195 2541 quelque
205 2485 253 2527 idde
270 2483 353 2526 lormeo
370 2483 471 2537 ddjhd'a-
498 2479 648 2532 d'dlenandre,
658 2480 700 2537 qui
716 2481 759 2536 (ch.
778 2482 814 2537 50)
835 2486 873 2527 ol-

99 2561 166 2590 vance
177 2559 253 2589 exerce
262 2546 315 2588 dans
330 2558 372 2588 une
382 2558 468 2599 guerre.
498 2542 872 2598 timosordinesoverlitafronte,

100 2611 159 2653 hinsi
182 2608 300 2650 Alexandro
324 2607 355 2649 dit
377 2608 430 2649 dans
449 2607 469 2650 le
497 2605 870 2650 attotamactemortemuatret.

100 2673 155 2715 llisc.
166 2669 231 2713 llllll:
247 2669 320 2712 Fomd
339 2668 400 2710 dello
418 2680 471 2710 con·
496 2690 524 2699 -
536 2667 557 2711 5.
568 2666 628 2710 Hinc
643 2667 781 2721 Euphrates,
799 2669 873 2713 illine

99 2738 171 2784 stent,
196 2737 217 2775 ct
236 2744 294 2786 saepe
317 2731 389 2774 ctiam
410 2731 470 2786 quod
499 2729 574 2784 Tiaris
613 2730 722 2786 prohihet
757 2729 871 2776 inclusos.

97 2795 161 2852 salso
178 2793 293 2835 creditum
309 2794 349 2837 cst.
367 2791 417 2832 ocri
436 2791 470 2834 oi·
496 2790 616 2834 Alexandra
625 2791 677 2834 etait
690 2805 718 2835 au
728 2791 777 2834 dcld
787 2792 820 2835 du
834 2793 873 2837 'li-

92 2872 143 2903 cem
164 2855 277 2901 obtinuit.
297 2877 323 2884 —
341 2852 361 2896 3.
388 2854 471 2909 Depre-
498 2851 872 2907 gre,cornmel'auteurlelaitdire

84 2915 477 2974 henderunt‚c'est-l-direconolo—
501 2914 710 2970 ahariusalapage
721 2913 870 2968 praetentae
