1904 3216
117 198 148 247 62
424 197 584 247 ouationes

118 311 237 361 servatori
249 311 334 372 patriae
344 311 464 358 relatam?
480 316 511 366 et,
524 323 597 372 quem
613 323 688 370 prope
702 310 836 366 coelestem,
845 326 888 363 eo-

119 380 234 443 gnomiue
244 388 310 429 certe
327 380 463 441 capitutum
479 380 531 429 Iovi
543 393 626 440 parem
637 380 748 443 fecerint,
760 396 816 429 eum
836 384 888 445 pati

118 453 230 501 uiuotum
240 452 381 506 incarcere,
391 451 417 498 in
428 451 544 508 tenebris,
557 450 685 499 obnoxiam
693 452 816 502 carnificis
823 454 889 503 arhi-

117 523 167 571 trio
175 523 263 571 ducere
277 521 404 568 animam?
420 521 485 568 Ideo
498 520 523 568 iu
544 534 593 569 uno
604 520 719 569 omuibus
731 523 791 572 satis
801 523 888 573 auxilii

118 591 204 650 fuisse,
215 591 307 639 nullam
318 604 389 651 opem
406 591 433 638 iu
446 599 496 639 tam
511 591 598 638 multis
609 590 653 638 uni
664 592 736 640 esse?

464 764 552 814 XLVIII

117 889 176 951 cap.
191 887 229 936 18.
241 888 328 940 erato
339 889 371 937 n.
387 888 476 938 natam
493 860 580 951 ca'pito
592 888 639 945 ini,
649 888 756 937 otricum
774 889 885 950 temate,

272 958 307 1006 ad
317 958 415 1008 Plebem
426 957 478 1021 [371
496 958 535 1016 tt,
547 957 591 1007 581
610 972 648 1006 av.
659 957 730 1021 tu.)

140 1082 174 1120 Hie
183 1082 264 1120 vocibus
272 1080 351 1119 incitam
360 1081 427 1128 plebes
435 1081 475 1127 jam
485 1091 582 1118 carcerem
591 1091 612 1119 ee
625 1080 752 1118 retracturum
760 1081 885 1121 minuuntur·

118 1128 188 1173 Itaque
196 1126 262 1163 territi
270 1128 334 1163 Patres
343 1125 431 1162 IquIittnt
448 1125 529 1162 vinulis
545 1125 637 1162 extruunt.
647 1124 682 1162 iiie
697 1125 773 1171 plenior
787 1125 886 1173 aliquanto

118 1172 226 1208 animorum
237 1171 271 1206 irai
278 1181 349 1216 unapie
358 1181 416 1216 quam
433 1171 569 1219 miteaitierat,
580 1170 670 1219 advocatu
680 1168 759 1207 domum
775 1170 839 1217 plebe.
848 1179 886 1220 per

118 1215 185 1262 sejam
196 1225 294 1252 accensam
303 1213 448 1250 multitudinem
458 1217 532 1255 mutat.
542 1218 561 1250 ot
570 1223 648 1260 aporire
655 1213 720 1260 paullo
730 1213 811 1252 liberius
816 1214 886 1262 Incipit

118 1269 155 1297 oua
166 1260 190 1296 de
200 1267 258 1305 regno
268 1258 378 1295 assentando
388 1257 474 1295 consilia.

145 1365 211 1420 Appel
222 1364 363 1418 eueuquuei
375 1362 395 1405 Ia
405 1363 480 1405 soree:
491 1375 534 1417 qne
551 1363 572 1405 le
586 1361 666 1417 peuple
682 1374 705 1404 se
722 1371 820 1418 compte;
829 1366 885 1420 qu'ii

118 1440 156 1471 ose
166 1433 220 1478 tout,
230 1426 264 1468 s'il
274 1439 301 1468 ua
311 1432 364 1468 veut
372 1433 418 1468 tout
429 1424 527 1468 soussrir.
539 1448 564 1457 -
574 1425 665 1467 iiunIIus
675 1437 702 1467 ne
719 1423 751 1467 Iui
764 1438 884 1482 mauqueru

119 1501 171 1543 pas:
183 1489 203 1530 le
213 1488 292 1543 peane
307 1487 386 1529 vem-ii
396 1487 416 1529 le
432 1487 500 1529 liner
517 1489 611 1529 encore?
623 1510 650 1518 -
659 1486 675 1527 n
694 1493 727 1528 est
745 1492 815 1543 tempo
829 1490 884 1545 qu'il

118 1563 223 1594 recouvre
233 1562 256 1590 sa
269 1549 362 1591 liberto:
373 1561 416 1603 que
426 1548 458 1590 les
472 1548 597 1600 magistrats
605 1549 675 1590 soIent
685 1547 763 1599 casses,
775 1549 806 1592 ies
815 1550 885 1595 detta

119 1611 349 1662 uboIies;IIaniiusest
360 1611 379 1652 Ie
386 1618 463 1665 patron
473 1611 502 1653 du
512 1610 599 1665 peuple‚
611 1610 625 1652 il
635 1622 663 1652 ue
673 1609 705 1651 Iui
715 1622 809 1665 munque
817 1613 884 1668 qu'uu

118 1677 171 1720 eiua
180 1675 192 1716 d
201 1675 257 1717 faire
268 1680 385 1728 respector.

152 1784 284 1842 Quousque
305 1782 403 1829 tandem
420 1781 565 1840 ignorabitis
579 1781 644 1829 uires
656 1786 757 1837 vestras,
768 1793 885 1842 quasna-

117 1852 175 1903 tura
190 1867 221 1900 ne
230 1853 325 1900 belluas
336 1852 436 1910 quidem
450 1852 566 1910 ignorare
581 1849 677 1900 voluit?
693 1850 825 1902 Numenate
837 1855 885 1904 sal-

118 1935 166 1978 tem
179 1934 236 1988 quot
247 1927 293 1987 ipsi
301 1926 362 1981 sitis,
375 1932 433 1985 quot
440 1925 726 1974 adversarioshabeatis:
740 1926 795 1982 etsi.
808 1929 828 1976 si
835 1929 885 1978 sin·

119 1999 170 2061 guii
187 1998 297 2056 singulos
311 1995 453 2056 adgressuri
469 1994 562 2051 essetis,
576 2004 655 2042 tamen
664 1995 746 2043 aeuus
757 1996 884 2048 crederem

118 2084 161 2118 vos
175 2083 219 2130 pro
231 2067 433 2128 iiiie1·tnto‚quam
442 2066 497 2114 ilios
508 2078 552 2125 pro
560 2064 726 2113 dominatione
737 2075 883 2118 certaturos.

119 2138 181 2194 Quot
193 2136 259 2185 enim
277 2136 379 2184 etinnes
399 2135 466 2183 circa
481 2135 592 2195 sinpqus
608 2133 690 2182 fuistis
710 2142 836 2195 patronos,
847 2145 885 2189 tot

118 2223 184 2258 nuno
206 2209 322 2256 adversus
340 2220 418 2255 unum
440 2207 535 2255 hostem
559 2206 639 2254 entis.
665 2205 790 2256 Ostendite
811 2211 884 2260 modo

117 2280 209 2329 beilum
226 2293 231 2324 :
248 2290 332 2338 pacem
349 2276 480 2325 habebitis.
497 2277 598 2324 Videant
611 2290 653 2324 vos
665 2284 762 2336 paratos
774 2280 804 2327 ad
814 2281 882 2330 vim:

116 2350 157 2412 ius
171 2347 218 2407 ipsi
234 2347 370 2394 remittent.
383 2347 528 2394 Audendum
542 2354 580 2396 est
590 2347 685 2407 aliquid
696 2347 829 2405 universis.
841 2359 885 2402 aut

118 2418 199 2467 omnia
217 2417 321 2474 sinentis
332 2417 456 2479 patienda.
471 2418 601 2479 Quousque
615 2431 655 2465 me
670 2418 885 2481 ciucumspeutabi-

118 2486 170 2533 tis?
186 2487 234 2543 Ego
248 2487 348 2548 quidem
363 2485 424 2534 nulii
437 2487 543 2533 vestrum
553 2489 639 2534 deero:
665 2500 696 2534 ne
712 2486 813 2537 fortuna
830 2506 883 2542 mea

118 2556 189 2609 desit,
206 2556 294 2604 videte.
309 2558 363 2617 Ipse
374 2557 459 2605 vindex
467 2557 606 2604 vester.uhi
622 2556 701 2604 visum
717 2556 828 2610 inimicis
836 2571 883 2624 est,

118 2627 201 2675 nullus
215 2632 315 2686 repente
331 2628 380 2675 ini:
396 2634 420 2675 et
436 2626 532 2674 uidistis
546 2626 571 2674 in
586 2626 681 2675 vincuia
697 2626 752 2674 duci
771 2631 884 2685 universi

121 2711 175 2748 eum
189 2709 230 2756 qut
249 2710 262 2742 a
277 2696 383 2755 singuiis
396 2697 565 2745 vobisviueulu
582 2696 733 2758 depuleram.
751 2696 814 2752 Quid
825 2718 884 2765 spe.

118 2779 180 2815 rem.
200 2764 220 2812 si
237 2764 292 2823 pius
303 2764 328 2812 in
349 2779 387 2812 me
401 2767 507 2814 audeant
526 2764 638 2814 inimici?
650 2779 680 2812 au
697 2765 792 2816 exitum
807 2770 883 2824 Cassii

118 2834 239 2894 Maeliiquo
248 2834 390 2894 especiem?
407 2835 468 2882 liene
479 2836 558 2884 facitis
572 2835 637 2897 quod
644 2835 821 2888 abominamini
833 2844 882 2895 :dii

121 2906 288 2966 prohibebunt
302 2906 355 2954 hauc
388 2906 431 2953 sed
450 2920 576 2967 nunquam
596 2911 698 2966 propter
714 2919 755 2955 me
771 2908 802 2957 de
822 2915 883 2965 coelo
