1904 3216
291 103 327 154 ull
343 106 411 156 lllll
427 107 512 157 lluho
528 107 619 158 xllllll.
790 106 837 159 233

183 227 249 274 erint
270 242 325 289 qum
339 243 352 278 e
366 244 394 278 re
408 244 452 279 sua
473 237 564 288 essent,
582 232 625 282 sed
640 232 765 283 suaserint
781 246 837 296 quae

163 305 283 346 ,euserent
298 298 369 346 utilia
383 313 444 349 esse.

151 366 202 413 rani
211 367 347 428 Rhodiique
357 374 382 415 ct
391 370 483 419 dttalus
492 372 524 434 (5)
535 373 676 421 societatem
689 373 836 422 amicitiam·

135 443 237 485 rostram
252 444 348 498 petunt,
364 447 389 487 et
402 440 427 487 in
444 442 516 501 hello,
532 444 598 504 quod
611 444 729 492 adversus
746 444 836 504 Philip

118 527 125 553 l
142 511 242 565 gerunt,
259 520 286 554 se
297 521 311 554 a
323 509 393 556 uobis
408 510 518 570 adjurari
534 525 633 573 aequum
648 519 756 561 censent.
777 512 836 560 Phi-

101 590 148 637 pus
160 576 284 625 societatis
291 591 375 626 secum
385 581 500 628 admonet
507 590 532 630 et
538 581 719 644 jurisjurandi;
731 588 756 631 et
764 583 835 632 modo

85 647 172 694 ›stulat
186 651 215 694 ut
228 659 312 695 secum
327 655 430 703 stemus,
442 650 524 708 niodo,
539 664 570 698 ne
583 649 728 700 intersimus
748 652 834 708 armis,

68 722 209 765 :omentum
220 717 255 765 eit
266 731 292 766 se
304 731 366 767 esse.
378 719 474 769 Nulline
484 721 551 769 venit
562 721 587 768 in
598 728 716 780 mentem,
726 736 781 782 cur,
793 722 835 785 qui

61 784 244 833 nondumsocii
260 791 326 842 sunt,
341 787 395 847 plus
412 794 498 849 petant
521 802 596 850 quam
616 789 718 839 socius?
737 803 787 839 non
806 790 836 841 fit

62 853 110 902 hoc
122 868 203 917 neque
221 855 339 904 modestia
353 858 468 918 Philippi,
487 872 567 919 neque
581 859 735 921 impudentia
748 860 835 910 home-

61 938 162 981 norum,
177 927 264 975 hchaei.
275 927 379 975 Fortuna
388 928 420 990 (ll
432 934 456 976 et
465 928 506 977 dat
518 929 634 977 fiduciam
646 931 833 992 postulantibus,

62 1000 88 1043 ct
102 994 187 1052 demit,
205 996 310 1059 Philippi
325 1005 417 1059 praeter
436 998 545 1058 legatum
568 999 681 1048 ridemus
701 1000 773 1050 nihil.
787 1001 835 1050 llo-

61 1079 135 1115 mana
147 1067 232 1127 classis
246 1068 276 1115 ad
290 1069 425 1116 Cenchreas
435 1068 469 1130 (5)
480 1074 538 1126 slat,
554 1068 656 1117 urbium
669 1070 766 1120 lluhoeae
777 1085 836 1134 spo·

62 1137 95 1186 lia
108 1151 161 1200 prae
175 1152 201 1186 se
217 1140 301 1188 serens
320 1154 326 1186 τ
344 1139 471 1188 consulem
494 1140 654 1202 legionesque
670 1141 731 1202 ejus,
746 1143 834 1202 exiguo

64 1209 141 1256 maris
157 1208 235 1270 spatio
250 1209 395 1270 disjunctas,
415 1209 545 1259 Phocidem
564 1222 592 1259 ac
608 1209 736 1260 Locridem
747 1224 834 1272 perva-

62 1284 148 1341 gantes
165 1279 285 1328 ridemus.

95 1349 216 1398 Hiramini
226 1363 271 1398 cur
281 1349 421 1398 dillidenter
433 1350 579 1399 Cleomedon
593 1351 689 1413 legatus
711 1350 829 1414 Philippi,

60 1424 90 1469 ut
104 1434 149 1481 pro
160 1434 220 1481 rege
240 1433 308 1468 arma
319 1423 464 1482 caperemus
478 1421 597 1470 adversus
612 1421 740 1472 Romanos.
760 1423 833 1472 modo

62 1489 142 1550 egerit
154 1504 160 1537 :
177 1489 231 1550 qui,
246 1488 267 1537 si
279 1502 308 1536 ex
319 1490 406 1537 eodem
423 1489 517 1538 l'oedere
528 1502 557 1537 ec
568 1489 742 1551 jureJurando
762 1491 833 1552 cujcrs

62 1559 134 1609 nohis
143 1560 290 1619 religionem
308 1559 444 1620 injiciebat,
459 1573 577 1620 rogemus
590 1574 659 1618 cum,
670 1568 698 1610 ut
712 1575 758 1611 nos
776 1561 833 1610 Phi·

61 1629 145 1691 lippus
159 1638 184 1678 et
192 1630 223 1678 ab
239 1630 330 1678 h'ahide
343 1629 377 1691 (tl)
391 1643 420 1678 ac
440 1630 630 1679 Lacedaemonils
641 1632 704 1679 etth
716 1631 831 1682 llomanis

62 1699 185 1756 defendat,
207 1712 255 1747 non
279 1699 350 1747 modo
373 1699 528 1760 praesidium,
548 1707 773 1761 quonoslueatur‚
789 1702 831 1750 sed

60 1782 93 1819 ue
107 1770 167 1832 quid
181 1770 330 1831 respondeat
344 1769 444 1830 quidem
460 1770 539 1827 nohis,
551 1771 584 1818 sit
596 1769 751 1823 inventurus.
771 1772 830 1828 h'on,

59 1840 172 1896 hercule,
192 1839 271 1900 magis
283 1853 357 1901 quarn
375 1839 427 1899 ipse
444 1839 569 1901 Philippus
586 1839 668 1901 priore
684 1855 756 1895 anno,
777 1843 829 1903 qui,

60 1908 199 1972 pollicendo
229 1923 254 1957 se
279 1910 394 1958 adversus
424 1909 540 1957 Nabidem
567 1909 661 1958 bellum
683 1918 830 1971 gesturum,

60 1989 140 2039 quum
161 1983 279 2026 tentasset
299 1986 410 2026 nostram
428 1977 583 2036 juventutem
599 1978 657 2026 hinc
673 1979 699 2026 in
714 1978 830 2028 liubmam

59 2047 197 2105 extrahere,
210 2056 342 2110 postquam
355 2062 399 2097 nos
412 2061 493 2111 neque
508 2049 642 2098 decernere
651 2049 676 2097 id
684 2049 732 2097 sihi
740 2052 831 2109 praesi-

59 2116 140 2173 dium,
163 2131 243 2178 neque
261 2118 322 2166 uelle
344 2117 436 2180 illigari
451 2120 559 2167 llomnno
574 2117 638 2166 hello
656 2118 723 2174 vidit,
739 2118 830 2168 oblitus

59 2188 182 2238 societatis
198 2189 219 2251 ej
225 2203 262 2244 us,
276 2203 349 2251 quam
364 2203 430 2238 nunc
439 2191 526 2251 jactat,
541 2189 668 2238 vastandos
680 2189 831 2250 depopulan-

60 2258 152 2322 dosque
161 2259 248 2311 tabidi
265 2274 292 2308 ac
302 2260 488 2309 hacedaemoniis
504 2260 615 2322 reliquit.

59 2392 80 2436 3.
96 2391 172 2441 little,
189 2392 222 2433 rol
240 2392 267 2435 de
285 2391 431 2444 Pergamo·
459 2403 514 2446 ques
524 2391 621 2446 ontjupce
635 2396 691 2434 cette
704 2391 767 2446 lecou
782 2394 831 2437 lau-

58 2455 79 2498 l.
89 2454 172 2497 lohel.
181 2454 360 2497 Portum-telle
369 2459 403 2496 est
411 2453 432 2496 la
459 2454 503 2496 tine
522 2466 527 2495 :
547 2453 573 2495 ll.
593 2452 676 2496 daudet
693 2461 727 2498 cst
743 2455 764 2498 le
782 2458 830 2500 seul

59 2515 123 2568 lecon
140 2516 170 2558 du
185 2515 288 2558 meilleur
304 2516 431 2557 manuscrit.
458 2515 497 2570 qui
507 2514 615 2570 de'clnrep
630 2520 719 2558 trouver
733 2530 764 2559 uu
779 2531 830 2562 sens

59 2575 91 2618 On
101 2575 159 2618 lisait
170 2575 282 2630 jusqu’ici,
293 2575 368 2619 lchaei
384 2587 433 2617 ron-
459 2576 597 2619 salisiaisant.
619 2598 646 2608 -
663 2577 684 2621 5.
705 2577 829 2632 Cenchreoe,

60 2649 99 2680 rus
115 2640 138 2679 et
155 2637 213 2679 dunt
226 2638 338 2691 fiduciam
353 2640 433 2692 postu·
459 2649 491 2679 un
508 2637 546 2680 des
565 2641 625 2692 ports
642 2636 670 2680 de
687 2636 800 2690 Corintho,
817 2641 830 2682 i

62 2697 167 2741 lantibus
181 2701 203 2740 el
217 2698 311 2740 danunt
329 2699 395 2752 (duret
411 2703 433 2740 et
460 2699 513 2741 trois
523 2698 593 2742 lieues
602 2699 695 2742 environ
704 2700 731 2742 de
741 2700 761 2743 la
770 2703 829 2744 ville.

59 2760 155 2803 demunt
165 2765 214 2801 sont
227 2759 265 2802 des
278 2760 433 2813 changemcnts
459 2759 515 2804 -6.
526 2760 604 2811 Nubis,
620 2767 682 2816 tyran
698 2762 724 2805 de
740 2763 832 2806 lacede-

60 2819 208 2873 arhitrnires),
224 2824 247 2864 et
262 2828 311 2864 tous
325 2821 359 2865 les
374 2821 434 2865 criti·
460 2832 536 2877 mone,
552 2821 594 2881 uua
606 2821 753 2868 muchlena
766 2823 849 2875 simiu-
